3122 5096
184 501 187 507 Ι
319 399 340 466 2

314 591 413 657 caper
433 573 538 636 altare
553 579 663 637 canoto
678 573 783 638 Mario
799 575 833 638 ia
849 582 953 640 monto
968 577 1189 665 Kothmiyonoo
1206 577 1236 639 in
1252 593 1337 638 usum
1354 573 1500 637 iratribus.

315 680 372 746 deo
388 681 451 745 illic
469 683 594 767 eiusque
611 683 753 764 genitrici
770 685 984 749 seruientibus.

404 793 614 858 Parrochiam
630 794 674 857 ad
692 795 845 858 mattaria
869 813 960 876 super
980 793 1060 857 idem
1077 793 1171 856 altare
1188 797 1292 856 sancte
1308 792 1405 854 Marie
1422 790 1499 853 deie-

313 902 406 982 gauit.
430 906 461 964 et
483 922 498 964 a
522 901 666 966 iratribus
695 903 830 967 eiusdem
856 902 915 965 loci
939 901 1156 984 prouidendum
1183 902 1347 964 constitnit.
1377 901 1499 982 itemque

308 1009 518 1097 parrochiam
546 1011 591 1076 ad
615 1011 784 1077 mulibach.
808 1010 1020 1099 parrochiam
1042 1011 1086 1074 ad
1101 1009 1269 1097 pirchahi.
1285 1063 1288 1069 ,
1293 1007 1499 1096 parrochiam

313 1119 401 1181 etiam
418 1121 462 1185 ad
473 1119 603 1184 chalech
621 1138 687 1183 cum
698 1108 954 1183 ¹decimationibus
969 1139 1030 1204 que
1047 1119 1084 1180 ad
1102 1118 1156 1181 has
1172 1118 1334 1200 pertinent.
1430 1121 1433 1128 ’

402 1227 502 1311 Super
513 1228 593 1291 idem
606 1227 699 1292 altare
707 1228 829 1292 tradidit
841 1228 998 1312 predictus
1011 1227 1146 1310 pontifex
1154 1225 1253 1289 uillam
1263 1230 1353 1288 totam
1364 1225 1402 1288 ad
1410 1223 1501 1289 Palta

313 1340 438 1418 excepto
456 1335 603 1399 beneficio
620 1337 723 1400 Ranin.
747 1341 779 1400 a
793 1335 895 1400 uillam
910 1334 949 1400 ad
964 1342 1061 1402 omia
1074 1337 1109 1398 n
1122 1333 1160 1398 ad
1177 1355 1211 1398 se
1226 1334 1382 1417 pertinuit.
1401 1332 1500 1395 sedet

309 1443 416 1505 uineas
432 1442 469 1505 ad
505 1442 707 1508 haaiiehoim
741 1442 918 1508 dominicale
950 1443 1040 1505 etiam
1072 1441 1110 1504 ad
1138 1442 1337 1508 Cracicioiia
1373 1442 1500 1524 itemque

249 1579 253 1589 ¹
308 1549 410 1614 uillam
437 1551 474 1613 ad
501 1549 711 1638 horiaiadach
736 1555 864 1635 excepto
892 1550 1040 1615 beneficio
1063 1549 1227 1614 adalberti.
1256 1548 1436 1612 dominicale
1463 1547 1499 1612 ιι

309 1658 522 1743 Echindorf.
950 1697 952 1702 ·

884 1849 924 1916 {L

370 2047 372 2050 ,
398 1983 461 2046 Hea
476 2002 595 2066 quoque
611 1981 760 2048 beneficia
775 1983 812 2046 ab
829 1984 935 2048 eodem
951 1982 1035 2047 felici
1052 1982 1196 2064 episcopo
1214 1983 1245 2044 et
1261 1979 1298 2044 ah
1316 1979 1383 2043 aliis
1400 1979 1499 2044 fideli·
1546 2034 1547 2042 ,

308 2091 365 2154 bus
381 2090 514 2154 uicissim
532 2111 587 2174 pen
603 2095 738 2175 tempora
755 2112 847 2175 super
863 2091 945 2154 idem
961 2091 1054 2154 altare
1072 2089 1104 2153 S.
1123 2088 1221 2152 hinnio
1235 2093 1306 2152 eunt
1321 2088 1442 2152 donata.

396 2197 578 2262 Beneficium
601 2199 679 2285 quod
700 2199 844 2265 Ekkinioh
872 2199 1102 2286 (superscriptum
1124 2205 1180 2258 eet:
1204 2198 1245 2262 da
1268 2192 1500 2279 ainahiaheim)

307 2306 411 2370 hahuit
427 2307 464 2370 ad
480 2308 645 2372 matheria.

397 2415 579 2480 Beneficium
595 2416 706 2479 Anilini
723 2418 760 2482 ad
776 2418 938 2483 mathania.

396 2523 582 2588 Beneficium
601 2523 725 2588 alterius
743 2525 860 2589 Anilini.

395 2630 580 2700 Beneficium
595 2629 734 2696 Rddwini
750 2633 790 2696 ad
804 2632 1008 2700 haatalrhoim.

397 2739 580 2805 Beneficium
597 2739 792 2830 Gemmantis.
832 2780 834 2782 -

394 2849 580 2914 Beneficium
596 2849 772 2914 Wibininis.
791 2897 793 2900 -
857 2897 860 2902 -

396 2956 581 3021 Beneficium
598 2957 808 3022 Adalberonia.

396 3066 582 3130 Beneficium
599 3065 725 3130 Peziliui
742 3066 780 3130 ad
796 3066 911 3131 steina.
931 3085 932 3088 ’

349 3165 350 3169 ’
395 3173 580 3238 Beneficium
597 3166 760 3238 Rddhardi.
814 3174 815 3177 ’

394 3283 580 3346 Beneficium
597 3281 748 3346 Gerhandi
764 3280 971 3344 ministerialis
985 3279 1122 3361 exceptis
1138 3277 1306 3341 noualibus.

395 3388 578 3453 Beneficium
595 3389 632 3452 ad
651 3389 828 3454 Werdaria.

394 3497 438 3561 Ad
455 3494 796 3580 Rdthcriadorfuineas
813 3495 897 3558 duan

392 3605 437 3670 Ad
463 3604 681 3670 haimiadarch
704 3604 919 3668 decimationes
943 3601 1022 3663 inter
1044 3598 1193 3664 beneficia
1217 3599 1386 3686 Dicipoddi
1406 3621 1498 3665 mor·

301 3714 433 3780 chionia.
473 3713 512 3777 de
538 3713 616 3777 villis
648 3711 766 3775 scilicet
802 3709 934 3773 hoaiiia.
968 3707 1250 3772 acoriohiahracca.
1282 3709 1497 3792 acorriodorfi

301 3822 497 3886 aramcaiiai.
522 3825 553 3883 et
575 3819 613 3883 de
637 3818 773 3888 omnihus
798 3815 955 3881 beneficiis
972 3819 1003 3878 et
1024 3814 1104 3879 villis
1122 3834 1180 3898 que
1197 3813 1234 3877 ad
1252 3835 1285 3878 se
1303 3816 1352 3888 uel
1369 3816 1407 3879 ad
1424 3837 1497 3880 suos

299 3931 455 4012 pectinent
469 3931 549 3993 inter
563 3929 700 3994 oiachch
715 3932 747 3992 ct
764 3926 858 3992 litah

393 4036 678 4122 hhooahicqimandi
691 4053 824 4098 mausum
840 4052 943 4108 unum.

389 4145 475 4229 Apud
493 4144 714 4231 Chirchliayin
736 4143 773 4206 de
798 4140 947 4205 beneficio
970 4109 1081 4202 domini
1105 4138 1238 4203 Odalrici
1262 4139 1494 4226 (superscriptum

298 4264 354 4315 ιιι.
371 4251 574 4336 signiferi)'
545 4273 664 4316 umeam
681 4272 747 4316 cum
763 4269 866 4313 manso
884 4269 952 4312 uno.

291 4393 293 4402 v
386 4361 432 4424 Ad
448 4359 628 4446 Kahhinyio
644 4359 721 4422 duas
734 4358 839 4422 uineas
856 4375 923 4420 cum
939 4356 1003 4420 suis
1018 4355 1217 4438 appendiciis.

385 4468 448 4532 Sed
463 4475 496 4532 et
507 4469 582 4536 alias
599 4469 703 4532 uineas
720 4467 794 4530 duas
812 4465 850 4530 ad
868 4465 1132 4532 Chanihohetatia
1149 4484 1221 4549 quas
1237 4465 1392 4548 predictus
1410 4487 1492 4550 pon·

293 4578 367 4642 tifex
389 4577 484 4642 dedit.
508 4581 539 4638 ct
561 4575 649 4638 aliam
670 4576 787 4638 uincam
811 4593 901 4658 quam
916 4572 1046 4636 Wacilie
1062 4573 1216 4656 arachiten
1232 4573 1315 4636 dedit
1330 4575 1362 4638 in
1379 4575 1493 4639 eodem
