3122 5096
289 393 338 461 34

288 586 341 631 sua
364 575 394 630 at
413 585 469 650 pro
492 567 589 630 saluto
607 569 671 653 filii
684 569 744 633 aui.
761 571 801 634 Η.
828 570 985 634 nobiseum
1002 573 1031 634 in
1048 571 1233 635 monastario
1250 571 1403 634 conuersi.
1429 569 1479 633 sub

287 677 335 739 his
352 676 489 740 testibus.
514 676 713 762 Meqinroart.
741 653 809 741 dot.
835 678 902 740 Pro.
924 679 957 740 V.
975 683 1073 742 autom
1091 679 1225 741 denariis
1242 679 1394 742 annuatim
1413 699 1479 762 per·

288 784 452 848 soluendis.
476 781 581 848 uadem
605 785 858 851 sanctimonialis
874 789 1033 852 bontrotd
1055 788 1210 868 delegauit
1224 788 1262 850 ad
1279 787 1360 849 idom
1377 787 1477 851 attare.

288 891 445 972 Purgilint.
471 899 502 955 ot
519 895 585 955 eius
602 892 689 956 filios.
719 891 871 956 Enuiman.
901 894 1008 976 Sigila.

826 1079 949 1151 CXXX.

278 1271 280 1276 .
380 1218 418 1282 Et
444 1217 503 1282 hoo
531 1219 674 1282 momoria
702 1218 834 1282 fidelium
863 1220 1131 1284 commendandum
1160 1226 1217 1284 ast.
1246 1221 1326 1305 quod
1352 1221 1480 1304 quidam.

288 1326 324 1390 N.
342 1327 517 1392 Starolooot
538 1326 662 1390 tradidit
686 1327 723 1390 ad
745 1327 840 1390 altaro
858 1326 890 1391 S.
909 1327 1004 1391 Mario
1017 1328 1075 1392 duo
1088 1329 1248 1412 mancipia.
1280 1327 1316 1390 N.
1334 1328 1439 1392 Ranila
1455 1334 1483 1392 ot

289 1433 384 1498 Gisila
396 1454 461 1517 pro.
475 1434 510 1497 V.
525 1433 658 1496 denariis
674 1434 823 1496 annuatim
833 1434 996 1496 soluendis.
1010 1435 1190 1516 interposito
1200 1436 1289 1498 huius
1304 1435 1482 1498 conditionis

289 1549 405 1608 tenore.
430 1547 462 1604 ut
483 1543 510 1604 oi
526 1543 615 1604 trium
638 1561 781 1605 annorum
805 1541 954 1606 ourrioula
976 1541 1175 1622 neglexerint.
1205 1542 1307 1606 debito
1333 1543 1489 1614 cotidiana

289 1652 444 1717 seruitutis
456 1649 632 1713 subiaceant
643 1670 748 1734 peroso.
766 1649 859 1712 Huius
872 1649 1043 1713 traditionis
1054 1653 1151 1713 testes
1165 1651 1337 1715 extiterunt.
1355 1651 1482 1737 Eyilols.

292 1760 438 1826 uernam.
471 1761 574 1845 Eppo.
600 1758 795 1823 Frideriooo.
819 1759 983 1822 Hammon.
1008 1759 1189 1823 Heinriooo.

821 1941 956 2015 CXXXI.

381 2085 444 2149 Sed
457 2088 487 2148 et
499 2085 557 2148 hoo
570 2084 741 2147 notandum.
759 2083 839 2166 quod
853 2083 981 2166 quidam.
998 2083 1035 2146 N.
1052 2085 1160 2148 Wlorm
1171 2083 1296 2148 tradidit
1308 2083 1344 2147 ad
1359 2085 1485 2148 eundem

289 2194 418 2280 tytulum
435 2195 552 2256 uiueam
568 2212 656 2255 unam
675 2197 706 2254 et
721 2199 837 2275 partam
855 2191 920 2272 agri
935 2191 970 2254 ad
984 2194 1128 2276 nozdors.
1146 2195 1282 2276 aooeptio
1300 2193 1420 2256 anobis
1433 2215 1487 2278 pro

290 2303 520 2368 oommutationo
542 2301 658 2366 duabus
681 2301 801 2364 mareis.
841 2299 933 2362 Huius
962 2301 1201 2365 commutationis
1233 2307 1303 2365 sunt
1329 2306 1427 2365 testes
1450 2303 1487 2366 hi.

290 2412 472 2479 Hortwiooo
488 2413 528 2475 do
545 2409 684 2474 troiana.
701 2410 862 2496 Reqinqor
878 2413 908 2472 et
925 2408 1086 2472 filiuseius
1103 2411 1274 2497 Reginyer.
1291 2411 1486 2498 Meyindart.

292 2519 399 2585 Wezr'l.
418 2519 550 2583 Ortwin.

808 2647 959 2720 CXXXN.

383 2775 446 2838 Hoo
470 2791 589 2858 quoque
614 2775 715 2835 notum
736 2771 785 2834 sit.
814 2769 893 2854 quod
917 2769 1038 2854 quidam
1060 2769 1196 2835 clericam
1221 2771 1341 2835 nomina
1368 2773 1488 2859 Roffolt

292 2885 381 2949 etiam
398 2890 429 2946 et
440 2883 600 2970 presbiter
610 2879 737 2944 tradidit
748 2879 785 2943 ad
799 2879 940 2943 altares.
955 2881 1049 2943 Mario
1060 2879 1188 2964 quedam
1201 2881 1349 2964 mancipia
1361 2901 1486 2964 quarum

291 2995 349 3056 heo
366 2997 435 3055 sunt
451 2992 579 3054 nomina.
609 2987 724 3070 Regila.
757 2988 926 3069 Irmingart.
958 2986 1085 3052 Diemdt.
1111 3007 1177 3051 oum
1209 2989 1287 3050 natis
1312 2981 1488 3072 earum'pro
1548 3036 1549 3039 η

290 3100 413 3164 tributo.
437 3099 473 3161 V.
498 3099 689 3161 donariorum
713 3098 864 3160 annuatim
887 3096 1081 3160 exsoluendo.
1112 3095 1204 3158 Huius
1230 3096 1405 3161 traditionis
1422 3105 1489 3162 sunt

291 3213 387 3271 testes
405 3207 444 3269 hi.
469 3205 657 3293 deffinitum.
681 3204 849 3269 Adaldero
874 3203 992 3268 Suelio.
1016 3203 1114 3268 Anile.
1134 3203 1487 3270 santumnium.

291 3317 424 3380 Bertolt.
441 3314 621 3401 quilmao.
638 3303 831 3377 Biemann.

808 3459 973 3532 CXXXIII.
1016 3444 1019 3449 ’

383 3585 493 3651 Notum
510 3586 551 3649 sit
569 3582 706 3648 omnibus
725 3584 856 3647 eoolesio
875 3581 956 3646 tiliis.
974 3583 1054 3666 quod
1072 3583 1199 3670 quodam
1217 3590 1353 3648 matrona
1370 3589 1493 3650 nomine

293 3696 396 3762 Gioilu
411 3693 536 3756 tradidit
551 3691 589 3754 ad
601 3693 696 3754 altare
709 3689 742 3752 S.
756 3690 851 3753 Mario
867 3710 934 3753 oum
950 3711 1037 3754 manu
1050 3692 1114 3776 filii
1123 3693 1176 3756 oui
1197 3693 1355 3758 Tiemonio
1371 3695 1493 3758 uineam

293 3804 371 3888 apud
388 3803 612 3885 lmizinrssadors
617 3821 673 3884 pro
690 3801 823 3864 remedio
841 3801 939 3890 anime
956 3801 1023 3865 oiri
1033 3801 1084 3864 oui
1095 3801 1278 3888 Reqioderi.
1297 3802 1329 3864 ln
1348 3823 1410 3886 quo
1424 3803 1493 3867 looo

292 3912 554 3977 testasaiiuorunt.
567 3911 672 3996 Eppo.
687 3908 837 3991 Adolsrit.
854 3907 1017 3972 Sooitdort.
1040 3908 1188 3994 Wopoto.
1208 3909 1378 3974 Ederloort.
1396 3912 1496 3975 Sonit-

292 4022 377 4086 dart.
393 4019 574 4083 inuestitura
591 4019 695 4104 Eppo.

806 4148 969 4221 CXXXIV.

383 4274 447 4337 Hoo
464 4273 556 4336 etiam
572 4273 715 4335 memorie
733 4269 998 4335 commendandum
1015 4271 1093 4354 quod
1111 4270 1230 4354 quidam
1243 4270 1496 4356 Storoholfoum

292 4403 380 4447 manu
398 4381 547 4463 comparis
565 4400 619 4444 sue
637 4379 790 4460 delegauit
806 4383 922 4462 partam
939 4379 1084 4462 quandam
1106 4378 1172 4460 agri
1188 4383 1257 4458 post
1273 4379 1390 4443 obitum
1408 4402 1497 4445 suum

293 4489 330 4554 ad
347 4489 441 4554 altare
463 4486 495 4550 S.
513 4486 619 4550 Mario.
643 4490 674 4548 at
694 4485 746 4550 isti
771 4491 841 4550 aunt
863 4486 950 4550 huius
973 4486 1018 4549 roi
1042 4489 1147 4548 testas.
1175 4485 1351 4572 Reqiomor
1367 4493 1400 4552 ot
1416 4489 1496 4552 aliua

294 4599 475 4686 Reyiomor.
501 4599 591 4660 Poro.
619 4595 729 4677 Ortolfi
