3074 5094
260 366 338 437 336

259 539 372 604 domini
400 541 525 605 Atrami
549 539 586 602 de
609 541 856 627 Hertwciyotuio
876 543 953 625 ipsis
976 541 1113 605 dedimus
1138 542 1311 606 roboratas.
1357 542 1465 602 Testes

257 649 345 713 huius
381 650 426 711 rei
449 652 528 717 sunt,
554 647 690 710 dominus
712 649 884 713 Heinricua
908 650 947 712 de
974 649 1147 736 Clunrinp.
1179 650 1322 713 dominus
1347 647 1465 712 Percl-

260 758 364 822 tolduo
385 756 423 818 de
443 756 592 820 Arcelaio.
619 754 755 819 dominus
777 759 923 844 Hesperus
940 758 978 820 de
995 757 1176 823 nauatam.
1202 758 1346 820 dominus
1366 756 1463 821 Hein-

260 867 345 930 ricus
374 864 411 926 de
438 863 639 950 Swelnpaclr.
693 864 884 930 Clunradua
913 867 1110 950 Wolfrcatcr.
1149 869 1298 952 [luperam
1330 865 1463 929 Gruter.

263 974 451 1040 Charmadas
482 972 728 1058 Histerpcrper,
762 974 934 1038 Heinrdeua
967 975 1117 1039 eleazar.
1156 974 1348 1038 Fridcricuo
1372 991 1466 1054 gener

263 1081 422 1146 Grabarii.
453 1081 609 1144 Andreas.
650 1080 881 1146 Olrolomamcua
905 1085 936 1144 et
964 1081 1014 1145 alii
1037 1101 1123 1166 quam
1146 1081 1260 1164 plures.
1295 1084 1375 1144 Acta
1397 1083 1464 1142 suut

263 1189 320 1251 hcc
338 1190 366 1250 in
385 1188 553 1253 Cdotwico.
578 1190 662 1251 Anno
676 1187 827 1251 dominice
840 1189 1059 1254 incarnacionis
1080 1189 1120 1252 ut.
1139 1187 1198 1252 CC.
1215 1187 1352 1252 Lxxxr.
1371 1193 1465 1252 sexto.

261 1295 424 1360 indictione
436 1295 523 1360 Xllll.
548 1295 610 1358 Xll.
639 1295 764 1358 Kalend.
790 1297 928 1376 Augusti.

334 1428 367 1498 1]
380 1428 559 1482 Vermuthliclr
571 1428 597 1481 in
610 1429 658 1482 der
670 1430 744 1482 Nthe
758 1445 809 1482 ron
818 1430 961 1491 Daakhola,
975 1429 1070 1484 dessen
1085 1430 1263 1499 Burgsricdan
1278 1428 1352 1501 (taut
1362 1429 1464 1500 Urbar)

262 1537 311 1572 ron
330 1517 388 1571 dem
407 1519 818 1588 Engelbrechtsbtclrlein
838 1538 925 1592 gegen
943 1521 1067 1575 llarbaclr
1080 1519 1189 1590 (Plarre
1205 1519 1322 1592 Kottes)
1336 1521 1466 1591 begremt

262 1608 334 1662 wird.

334 1697 382 1750 Die
402 1699 589 1770 angegebenen
609 1699 700 1768 Siegel
720 1699 811 1752 hatten
830 1701 896 1754 noch
916 1717 957 1754 am
976 1699 1118 1771 Originale.

796 1923 920 1994 LXVll.

263 2065 340 2126 luat.
359 2067 398 2125 21.
416 2067 481 2125 Jult.
507 2067 655 2140 atttrrstg.
682 2099 714 2107 —
744 2069 835 2122 Alram
861 2070 949 2124 Ritter
975 2087 1025 2125 von
1056 2070 1267 2140 llertweigstein
1296 2068 1394 2122 weiset
1420 2067 1466 2121 mit

263 2163 352 2230 gutem
378 2159 476 2214 Willen
500 2157 588 2212 sciner
606 2159 725 2213 Tuchter
753 2177 785 2212 zu
804 2159 904 2214 seinem
930 2160 984 2213 und
1011 2161 1078 2214 aller
1096 2160 1272 2215 Vernandteu
1302 2160 1465 2220 Seelenhed,

264 2252 312 2305 der
339 2249 503 2320 Gottweiger
525 2249 623 2304 Kirche
651 2249 699 2303 liin
724 2249 819 2304 Talent
843 2249 990 2319 jahrlicher
1007 2251 1148 2306 llinln'mt'te
1167 2251 1193 2304 iu
1212 2250 1407 2304 Minichhofen
1427 2267 1466 2304 an.

791 2351 928 2412 [Original]

260 2546 262 2554 s
354 2486 399 2550 Ne
432 2489 519 2566 gesta
548 2485 698 2548 hominum
728 2506 783 2568 per
817 2487 1043 2550 successionem
1065 2485 1221 2570 ¹temporis
1258 2487 1295 2550 ab
1327 2490 1467 2570 ipsorum

264 2595 414 2659 mentibus
427 2599 619 2664 euanesoant.
630 2594 761 2656 virorum
774 2594 955 2676 prudentum
965 2595 1104 2658 sollercia
1116 2595 1254 2658 decreuit
1263 2615 1317 2658 sua
1330 2598 1466 2678 negocia

263 2726 340 2768 voce
355 2704 477 2766 testium
494 2707 524 2763 et
541 2702 648 2784 scripti
667 2703 808 2765 memoria
825 2701 1025 2784 perhennare.
1052 2701 1201 2765 Nouerint
1216 2703 1312 2783 igitur
1328 2705 1466 2767 uniuersi

265 2813 302 2876 ad
315 2833 390 2896 quos
412 2829 538 2892 presens
562 2812 686 2892 sriptum
700 2812 885 2892 peruenerit,
904 2811 983 2894 quod
997 2811 1062 2892 Ego
1079 2811 1227 2875 dlramua
1240 2811 1365 2874 humilis
1379 2813 1466 2875 miles

264 2921 364 2984 dietus
382 2919 420 2980 de
436 2917 695 3004 Hertwcipstoin,
719 2917 757 2980 oh
774 2917 938 2982 remedium
956 2919 1052 2981 anime
1068 2939 1136 2982 mee
1153 2925 1184 2981 et
1200 2920 1332 2982 omnium
1350 2920 1466 3003 prede-

263 3048 418 3093 cessorum
442 3031 473 3088 et
500 3045 712 3088 successorum
739 3027 769 3088 in
796 3027 1064 3108 consanguinitatis
1088 3027 1168 3090 linea
1193 3047 1240 3090 me
1259 3029 1464 3101 attinentium.

263 3139 342 3202 bona
372 3134 527 3198 uoluntate
556 3153 688 3197 mearum
712 3134 855 3207 tiliarum,
888 3135 993 3199 Marte
1024 3136 1165 3199 videlieet
1193 3141 1225 3198 et
1256 3138 1416 3202 Katcrine
1437 3145 1465 3201 et

263 3247 388 3310 aliorum
413 3249 583 3305 nostrorum
605 3241 749 3304 heredum
772 3242 946 3314 accedente,
973 3244 1045 3307 viris
1070 3243 1296 3308 venerabilibus
1326 3252 1359 3308 et
1383 3245 1464 3308 Reli·

265 3354 373 3437 giosis,
397 3350 541 3414 videlicet
567 3351 686 3414 domino
709 3351 862 3415 Hetaerice
886 3351 1054 3414 reuerendo
1077 3351 1178 3414 abbati
1200 3352 1345 3416 Ecclesia
1370 3355 1463 3420 Ctes-

265 3463 420 3533 ret'cenaia,
439 3459 611 3542 ceterisque
628 3457 771 3521 fratribus
789 3460 819 3520 in
836 3460 942 3523 eodem
960 3460 1142 3524 Monasterio
1165 3459 1222 3523 deo
1235 3460 1462 3533 famulantibus,

264 3573 350 3637 unius
374 3569 478 3632 talenti
497 3567 633 3631 redditus
656 3568 684 3628 in
700 3567 933 3632 Municlrdovcra
948 3570 1076 3652 positos,
1097 3589 1145 3632 me
1169 3588 1243 3631 sano
1266 3574 1299 3632 et
1321 3569 1462 3634 incolumi

265 3681 413 3745 existente
431 3676 572 3756 delegaui
588 3675 810 3758 perpetualiter
825 3676 1037 3758 possidendas.
1069 3676 1115 3739 Ne
1136 3677 1229 3758 igitur
1253 3698 1313 3759 per
1329 3697 1460 3742 meorum

263 3788 409 3852 heredum
438 3786 569 3869 aliquem
597 3783 804 3866 prenominato
827 3785 1009 3848 Monasterio
1033 3787 1063 3848 in
1092 3785 1258 3869 pretaxatis
1288 3785 1459 3849 redditibus

265 3896 363 3979 aliqua
388 3897 484 3978 possit
510 3895 697 3977 inposterum
720 3892 888 3974 calumpnia
919 3892 1066 3966 suboriri,
1100 3894 1174 3976 ipsis
1203 3893 1273 3956 dedi
1299 3889 1458 3978 presentes

264 4006 381 4068 litteras
409 4003 517 4085 Sigillo
560 4001 673 4065 domini
696 4001 844 4064 Lectoldc'
872 4000 909 4063 de
940 4001 1164 4088 Clurtrinpet
1196 3999 1301 4081 sigillo
1337 4003 1457 4085 proprio

264 4113 430 4176 roboratas.
479 4112 589 4173 Testes
621 4110 709 4172 huirrs
737 4108 908 4170 traditionis
936 4115 1016 4171 sunt.
1052 4109 1198 4172 Dominus
1214 4109 1393 4176 Heinricus
1423 4110 1457 4172 dc

267 4221 440 4306 Choamap,
467 4219 601 4281 dominus
626 4217 835 4281 Pcrcltoldua
861 4217 899 4279 de
920 4218 1070 4288 Aestate,
1096 4218 1231 4280 dominus
1257 4219 1406 4306 Repetam
1423 4219 1456 4280 de

266 4329 453 4399 Zenodoro,
486 4326 622 4389 dominns
644 4325 816 4390 Heinricus
840 4323 879 4386 de
907 4325 1110 4412 chlnpccle.
1147 4325 1341 4392 Clrcnradus
1371 4329 1455 4411 Wolf·

265 4445 380 4504 rector.
427 4439 572 4522 Hesperus
606 4435 732 4520 prober.
775 4431 965 4497 Cduarudua
998 4434 1244 4519 Hintcrpurper.
1290 4437 1455 4500 Heinricm

268 4547 414 4613 elezaar.
457 4542 643 4608 Friderr'cuo
665 4559 761 4620 gener
783 4541 947 4605 croterii.
979 4542 1135 4605 Andreas.
1163 4540 1409 4618 Cholomannus,
1430 4551 1457 4606 et
