3122 5096
287 403 337 477 50

286 578 436 644 Heinrich.
454 579 580 644 Bertolt.
598 579 749 661 Hiltigart.
768 573 909 642 Diemdth
925 598 981 661 pro
999 597 1102 643 censu.
1117 579 1152 642 V.
1171 557 1376 642 denariorum.
1394 577 1480 640 adhi-

285 687 357 751 bitis
372 687 420 751 his
436 687 575 752 testibus.
600 688 755 776 Piliprim.
773 686 1000 773 Ercdinpreiot.
1019 687 1187 752 Adcldcro.
1207 683 1367 752 Cddnrat.

833 923 927 998 con.

376 1066 439 1130 Hoc
467 1086 585 1151 quoque
611 1068 651 1129 sit
677 1070 777 1130 notum
804 1065 943 1129 fidelibus
971 1065 1051 1151 quod
1078 1065 1198 1148 quidam
1226 1066 1370 1152 Sipiooto
1396 1064 1482 1148 filius

291 1176 460 1242 Votodrodi
481 1175 633 1256 delegauit
654 1180 768 1258 partem
784 1175 849 1257 agri
866 1175 903 1238 ad
919 1175 1093 1258 Suoirdorf
1107 1175 1138 1237 in
1155 1195 1259 1237 manus
1278 1151 1431 1238 doctrici
1442 1173 1483 1236 dc

248 1360 250 1363 ¹
288 1286 451 1350 Zernilo'ob.
481 1284 680 1365 delegandum
709 1283 746 1347 ad
774 1283 867 1347 altare
896 1283 928 1346 S.
952 1283 1056 1346 Marie.
1091 1283 1178 1364 Quod
1203 1287 1234 1344 et
1257 1281 1382 1365 peregit
1404 1281 1483 1343 idem

288 1370 469 1459 ddolricoe.
488 1393 615 1456 testibus
632 1393 698 1456 istis
715 1413 770 1476 per
786 1412 887 1455 aurem
902 1391 1036 1455 adscitis.
1053 1391 1170 1456 Ratolt.
1187 1391 1313 1454 Hodolt.
1332 1390 1486 1476 Sipiboto.

286 1503 493 1568 Marchwart.
515 1500 665 1567 Wntter.
682 1501 824 1588 Sipibolt.
842 1497 968 1585 Rcidolf.
992 1499 1174 1564 incestituro
1190 1501 1308 1564 Butolt.
1332 1497 1483 1585 Sipiboto.

750 1741 1011 1812 cont—ccx.

379 1880 505 1945 Nouerit
519 1859 674 1944 ¹Vniversa
696 1880 810 1944 Christi
829 1881 976 1944 Fideliom
998 1884 1056 1942 tam
1073 1900 1202 1962 presens
1221 1884 1286 1944 etas
1303 1901 1396 1965 quam
1416 1901 1485 1944 snc-

289 2011 413 2056 cessura
436 1991 606 2072 posteritas.
632 1990 846 2075 quodquidam
869 1991 983 2054 nobilis
998 1991 1039 2054 de
1056 1990 1133 2054 Gric
1149 1991 1338 2077 Pitiprimue
1356 1990 1485 2053 nomine.

289 2099 440 2180 delegauit
461 2099 627 2164 ecclesiam
647 2099 743 2164 iacta
764 2101 877 2164 Rotam
904 2099 1024 2162 fluuium
1048 2099 1136 2162 sitam
1157 2099 1188 2160 in
1209 2097 1277 2162 loco
1300 2099 1352 2182 qui
1376 2099 1487 2162 dicitur

288 2207 542 2294 ocoltloeiciopio.
560 2226 647 2291 quam
664 2208 711 2270 sui
728 2211 869 2290 parentes
886 2209 915 2270 in
928 2207 1050 2289 propria
1061 2206 1232 2270 hereditate
1245 2213 1486 2270 construxerant.

290 2336 356 2380 cum
382 2316 453 2379 dote
475 2321 507 2379 et
528 2315 665 2379 omnihus
688 2315 876 2398 appendiciis
898 2315 960 2378 suis
986 2335 1077 2398 super
1099 2315 1193 2378 altare
1216 2315 1250 2378 S.
1276 2315 1376 2378 Mario
1400 2336 1487 2378 manu

289 2428 410 2510 propria
438 2429 468 2489 et
491 2425 605 2490 umoris
627 2447 683 2490 oce
712 2425 885 2511 thioirpe
908 2425 1051 2488 fratribus
1073 2424 1124 2488 hio
1148 2425 1204 2488 deo
1226 2424 1434 2490 seruientibus
1457 2426 1487 2490 in

289 2555 372 2596 usum
395 2538 543 2616 perpetuo
566 2513 641 2596 iure.
672 2533 765 2596 Huius
788 2533 959 2597 traditionis
981 2537 1078 2596 testes
1100 2535 1231 2598 suerunt.
1255 2534 1487 2622 Ercloo‘nprekt.

288 2643 495 2708 Marciowort.
533 2642 664 2706 Wloilic.
697 2642 873 2706 Hcdamor.
916 2641 1097 2710 Woltiloerie.
1136 2641 1314 2729 Gotipreht.
1355 2643 1485 2706 Pezilie.

289 2749 480 2813 inuestiture.
507 2749 737 2835 Eretiopredt.

381 2855 543 2938 Delegauit
558 2857 587 2919 in
606 2855 710 2920 eodem
729 2856 795 2920 loco
813 2855 867 2920 sub
885 2856 1014 2920 testibus
1026 2856 1241 2940 prenominatis
1254 2853 1323 2920 xxo
1337 2857 1486 2940 mancipia

291 2966 329 3030 ad
345 2967 470 3028 eandem
488 2964 649 3029 ecclesiam
665 2965 857 3048 pertinentia.

379 3073 446 3137 Non
467 3073 560 3137 multo
582 3079 652 3157 post
674 3073 753 3136 idem
776 3074 962 3159 Piliprimoo
987 3073 1099 3136 monitu
1121 3074 1277 3138 auunculi
1295 3075 1347 3137 oui
1367 3075 1490 3138 domici

289 3182 451 3270 Piliprimi
475 3182 531 3269 qui
556 3183 716 3247 nobiscum
749 3181 969 3246 monachicam
1001 3181 1099 3246 citam
1133 3183 1366 3246 consummavit
1397 3202 1488 3245 cursu

290 3290 383 3352 felici.
417 3309 473 3373 per
500 3310 586 3374 quem
613 3289 672 3352 sibi
701 3294 731 3352 et
754 3289 812 3352 aiia
835 3288 939 3372 predia
962 3288 993 3350 in
1008 3287 1209 3352 hereditatem
1234 3294 1382 3352 uenerant
1404 3289 1490 3352 deie-

289 3400 374 3482 gauit
396 3420 488 3483 super
511 3398 607 3462 altare
631 3399 664 3462 S.
682 3399 778 3462 Mario
799 3420 888 3462 manu
910 3399 1031 3483 propria
1055 3403 1084 3460 et
1105 3399 1220 3462 omorio
1235 3420 1292 3463 oue
1313 3399 1489 3488 Wlttotrpc

291 3506 434 3593 quicquid
451 3508 486 3572 in
499 3511 628 3594 prefato
644 3509 711 3573 loco
727 3507 911 3570 hereditario
927 3505 1104 3590 possidebat
1120 3507 1194 3570 iure.
1213 3507 1328 3570 cultum
1345 3511 1377 3570 et
1388 3507 1488 3570 incul-

291 3623 362 3681 tum.
386 3615 496 3680 additis
513 3615 645 3700 insuper.
668 3616 731 3679 XV.
754 3617 921 3699 mancipiis.
945 3637 982 3678 ex
1007 3614 1114 3700 quibus
1137 3613 1289 3678 Eirinonem
1312 3615 1489 3680 nominatim

289 3727 450 3812 expressit.
469 3731 500 3790 et
516 3729 611 3790 omnia
627 3728 657 3790 in
674 3727 827 3810 proprium
843 3726 1006 3790 seruicium
1023 3723 1214 3788 contradidit.
1231 3723 1262 3787 In
1280 3725 1338 3788 hac
1352 3725 1489 3790 secunda

289 3835 452 3900 traditione
479 3839 576 3900 testes
598 3835 706 3899 adsciti
735 3839 813 3898 sunt.
843 3837 936 3923 lippo
960 3834 1001 3898 dc
1019 3835 1227 3922 pozioiodors.
1256 3837 1288 3896 et
1306 3835 1397 3919 filius
1421 3835 1488 3899 ciue

289 3945 529 4033 Mcpindordoo.
564 3945 711 4008 Gundolt.
748 3944 926 4008 Heinricoc.
972 3943 1125 4007 Wiooort.
1162 3937 1291 4026 codols.
1329 3939 1486 4030 Roidiqer.

289 4053 497 4120 Marcoduro.
522 4047 699 4138 thpreot.
725 4052 890 4117 Heinrich.
916 4049 1097 4114 inuestitore
1121 4053 1227 4137 Eppo.
1251 4048 1451 4137 Mepintcrt.

380 4160 446 4224 Non
471 4163 542 4244 post
565 4159 685 4222 multum
703 4181 775 4222 uero
793 4159 930 4223 dominus
947 4161 1057 4224 Nooco
1074 4159 1171 4223 abbae
1189 4163 1218 4221 et
1234 4157 1347 4221 fratres
1365 4179 1489 4244 compa·

290 4273 432 4334 iuuerunt
449 4268 485 4332 ab
502 4270 609 4333 eodem
626 4270 791 4356 Piiiqrimo
807 4269 943 4352 predium
961 4289 1049 4332 unum
1067 4269 1188 4332 scilicet
1203 4267 1384 4332 dominicale
1399 4289 1490 4332 unum

289 4381 334 4445 ad
348 4380 450 4444 muido
466 4378 566 4441 situm.
597 4377 682 4460 Quod
699 4377 836 4462 predium
853 4378 935 4442 idern
950 4378 1134 4465 Piliqro‘mos
1151 4377 1306 4458 delegauit
1322 4379 1353 4440 in
1369 4398 1489 4444 manum

289 4487 475 4553 Heidinrici
496 4509 575 4573 eque
595 4487 710 4552 nobilio
731 4487 808 4552 oiri.
838 4505 905 4551 cum
930 4485 1088 4571 mancipiis
1112 4486 1299 4566 Erchingero
1318 4489 1348 4548 et
1365 4486 1491 4570 reliquis

290 4597 327 4660 ad
342 4598 371 4660 id
384 4596 614 4680 pertinentibus.
630 4601 662 4658 ut
674 4598 741 4678 ipsc
753 4595 811 4660 hoc
824 4595 892 4658 uice
905 4615 957 4657 sua
971 4595 1009 4657 ad
1023 4594 1117 4658 altare
1127 4594 1160 4658 S.
1175 4593 1270 4657 Mario
1281 4595 1490 4660 contraderet.
