3074 5094
290 399 338 470 27
344 399 366 472 2

289 577 451 644 pauperum
467 555 579 622 Christi
602 557 640 622 de
655 557 792 642 Kotaica
814 556 872 622 hac
892 557 1027 621 cautione
1042 555 1234 641 presentibus
1250 563 1282 622 et
1296 559 1401 622 futuris
1414 561 1453 623 in-

289 675 456 744 notescere,
479 673 539 730 tum
565 667 661 730 anime
685 670 786 730 nostre
808 664 897 730 saluti
917 669 978 728 tum
1001 664 1118 730 illorum
1134 667 1357 752 prospicientes
1374 669 1454 752 quieti

289 779 319 838 et
345 775 509 840 securitati.
556 775 663 840 Notum
682 777 721 838 sit
742 775 833 858 igitur
854 762 990 840 omnibus
1016 774 1293 850 constituamus,
1319 778 1397 860 quod
1412 799 1457 842 no·

287 882 355 946 bitis
383 883 502 974 quidam
528 881 681 968 Watd01)
710 885 843 957 nomine,
875 888 1018 966 egrotans
1049 887 1080 946 et
1115 884 1309 968 desperatus,
1342 887 1456 950 consilio

288 997 318 1054 et
335 998 443 1074 rogatu
461 991 591 1056 fidelium
616 1013 747 1067 suarum,
772 993 823 1080 qui
845 992 951 1056 sibiet
971 991 1062 1056 rebus
1085 993 1147 1054 suis
1169 999 1238 1076 past
1263 996 1329 1056 eius
1354 995 1456 1060 obitum

288 1101 475 1174 metuebant,
507 1106 565 1166 tam
600 1103 736 1166 homines
766 1105 904 1187 proprias
939 1121 1024 1188 quam
1052 1102 1148 1165 amnia
1171 1123 1224 1166 sua
1252 1102 1359 1186 predia
1389 1105 1458 1168 inira

287 1212 460 1276 bawariam
474 1212 540 1284 sita,
554 1215 631 1296 patri
645 1232 710 1276 meo
726 1213 880 1298 Liapaldc
894 1211 1066 1282 marchioni,
1078 1231 1164 1276 manu
1178 1213 1361 1294 potestatiua
1377 1213 1406 1276 in
1421 1215 1460 1278 ius

288 1320 412 1382 tradidit
430 1321 631 1404 proprietatis.
680 1319 743 1402 Quo
768 1324 854 1403 pacto
875 1320 905 1382 in
921 1318 1007 1382 breui
1026 1319 1176 1382 conualuit
1191 1319 1259 1402 ipse
1282 1321 1326 1384 W.
1343 1327 1375 1384 et
1398 1323 1460 1386 iacti

293 1431 448 1512 penitens,
472 1430 660 1512 postmodum
683 1429 720 1492 de
743 1428 877 1512 partibus
901 1429 1068 1492 francorum
1088 1427 1168 1490 duxit
1190 1449 1330 1500 uxorem,
1356 1431 1415 1514 ipsi
1436 1437 1461 1494 ct

289 1536 357 1600 titiis
376 1539 439 1600 eius
460 1537 661 1621 predictorum
678 1537 849 1621 prediorum
871 1536 985 1600 iaciens
1002 1537 1202 1618 sponsionem.
1229 1537 1293 1618 Quo
1313 1545 1459 1622 comperto

289 1647 464 1734 Liapoldas
490 1647 629 1712 marchia
653 1647 867 1728 egredereris,
904 1649 1009 1708 nocato
1050 1646 1214 1717 Waldaac,
1249 1645 1355 1710 uiolati
1384 1649 1459 1732 pacti

290 1755 448 1838 redarguit
486 1757 701 1827 temeritatem,
732 1754 784 1818 illo
817 1753 982 1818 affirmante
1014 1757 1048 1816 ea'
1080 1753 1251 1817 conditione
1282 1756 1390 1838 predia
1415 1778 1461 1820 sua

288 1865 467 1929 marchioni
488 1885 521 1927 se
542 1867 660 1946 pactum
677 1865 790 1935 fuisse,
822 1865 848 1926 si
864 1863 977 1946 absque
999 1861 1161 1926 heredibus
1185 1863 1244 1926 uita
1267 1862 1460 1929 decessisset.

290 1974 433 2039 Marabio
451 1977 548 2036 antem
563 1975 591 2034 in
616 1975 761 2036 conventu
778 1971 854 2055 apud
875 1975 1003 2035 castrum
1018 1976 1093 2058 ydra
1109 1969 1211 2034 habito
1229 1972 1337 2036 accitis
1356 1974 1460 2037 suiset

283 2082 379 2163 ipsius
399 2083 440 2147 W.
456 2081 610 2154 fidelibus,
634 2086 828 2164 utrorumque
850 2081 1048 2158 adtestatione
1064 2079 1283 2163 comprobauit,
1308 2081 1422 2145 nullam
1435 2084 1462 2146 iu

288 2191 447 2254 traditione
463 2191 608 2253 bonorum
625 2192 689 2254 eius
707 2189 838 2270 coniugii
857 2190 904 2252 nel
921 2189 1043 2253 heredis
1059 2189 1168 2253 factam
1186 2209 1255 2252 esse
1274 2192 1465 2262 mentionem,

285 2305 334 2362 aut
359 2299 484 2382 aliquam
514 2297 670 2382 preiudicii
698 2298 913 2370 conditionem,
950 2303 980 2361 et
1009 2297 1068 2361 hoc
1095 2298 1161 2381 ipso
1186 2304 1331 2382 presente
1366 2299 1467 2362 horum

288 2407 474 2472 confirmauit
502 2407 689 2478 testimonio.
730 2407 870 2471 Otaabar
893 2405 1073 2470 marchionis
1095 2406 1133 2469 de
1158 2407 1249 2471 stira.
1289 2407 1468 2495 Werigarrdi

287 2519 403 2581 comitis
430 2518 468 2580 de
493 2519 635 2605 Plaiqca.
679 2515 858 2581 Gebcbardi
890 2515 1005 2578 comitis
1039 2515 1077 2576 de
1100 2516 1231 2603 piapen.
1270 2517 1401 2601 liudolfi
1433 2517 1467 2579 de

283 2649 416 2714 perpera.
441 2627 608 2692 Alberorcie
625 2626 663 2689 de
683 2625 868 2713 griezpach.
893 2623 1056 2688 Friderici
1070 2623 1114 2686 da
1138 2624 1350 2711 baaecpcrcb.
1376 2627 1471 2690 Ernst

288 2735 325 2798 de
348 2737 485 2800 traiscra.
533 2737 690 2802 Hartraici
714 2734 752 2797 de
778 2733 937 2798 radiaiab.
995 2733 1174 2798 Gebcbardi
1200 2731 1238 2796 de
1265 2734 1466 2822 alperspacb.

287 2843 382 2908 Potin
398 2845 436 2906 de
448 2867 597 2931 asparem
638 2844 730 2908 Potin
753 2843 790 2906 de
812 2843 1005 2926 malcicdarf.
1053 2842 1189 2906 Pabaaic
1208 2841 1246 2904 de
1263 2865 1469 2930 amaranpcn.

287 2955 430 3041 Hagoais
447 2953 484 3016 de
501 2955 662 3038 lcatsdarf.
685 2952 850 3018 Aacbalmi
871 2953 908 3016 de
927 2971 1061 3033 prauae.
1099 2951 1247 3036 Wolfgcri
1269 2950 1309 3014 de
1327 2952 1470 3016 iariaina-

285 3065 367 3147 dorf.
407 3063 624 3128 Marcbwardi
644 3063 681 3126 dc
706 3061 881 3149 biatpcrpe.
918 3065 948 3122 et
970 3059 1093 3122 aliorum
1119 3059 1287 3122 multorum.
1328 3060 1468 3124 Predium

286 3176 383 3235 autem
409 3172 487 3256 quod
515 3171 584 3234 olim
602 3172 701 3234 fuerat
727 3169 885 3235 Waldarois
907 3169 935 3230 in
955 3170 1037 3256 grta,
1066 3174 1170 3252 postea
1193 3168 1369 3250 Liapoldas
1388 3190 1469 3232 mar·

286 3281 353 3345 chia
370 3281 495 3344 tradidit
511 3279 607 3344 sorori
628 3299 681 3342 sue
699 3279 853 3359 Gerbirqc
864 3273 893 3362 2)
912 3278 1049 3342 doctrici
1063 3277 1261 3350 boemiorum,
1279 3278 1346 3342 eius
1364 3283 1471 3360 rogatu

286 3387 430 3470 delegans
448 3387 520 3453 illud
542 3390 572 3451 in
593 3408 708 3452 manum
735 3387 913 3452 Gebebardi
936 3386 1050 3450 comitis
1074 3385 1264 3473 depingam
1290 3385 1344 3450 tali
1366 3394 1467 3471 pacto,

285 3500 317 3558 ut
334 3516 390 3580 quo
415 3497 479 3579 ipsa
502 3499 639 3580 petisset,
664 3497 801 3580 predium
824 3495 903 3558 idem
928 3494 1094 3588 delegaret,
1116 3494 1196 3578 quod
1218 3495 1355 3560 etfacit.
1396 3497 1471 3560 Nam

285 3603 437 3686 delegauit
458 3606 531 3671 illud
555 3627 645 3689 super
669 3605 763 3668 attare
784 3627 809 3668 s.
826 3605 967 3668 Maricio
989 3607 1090 3667 monte
1111 3604 1259 3679 Kotwico,
1277 3603 1421 3669 adiciens
1444 3611 1473 3668 ct

284 3712 461 3788 ecclesiam,
489 3737 547 3800 que
575 3715 684 3778 dicitur
707 3715 744 3777 ad
768 3713 885 3796 parab,
910 3716 1052 3795 presente
1080 3713 1267 3800 Regiamara
1299 3715 1472 3797 patauiensi

284 3823 427 3906 episcopo
453 3829 483 3888 et
506 3825 658 3890 Narrare
675 3823 807 3886 eiusdem
823 3821 882 3886 loci
907 3820 1025 3884 abbate.
1073 3820 1164 3884 Huius
1176 3820 1352 3885 traditionis
1371 3828 1473 3886 testes

284 3936 325 4000 hii
342 3940 411 4000 sunt
427 3955 498 3998 aure
514 3933 612 3996 tracti.
639 3933 824 3998 cuonradus
841 3931 896 4016 (de
919 3929 1097 4018 robingin).
1133 3931 1295 3996 Dictricaa
1315 3930 1374 4018 (de
1395 3933 1473 3998 Lci-

283 4043 476 4133 adelingea).
512 4043 660 4110 Aramas
689 4041 743 4126 (de
759 4039 1017 4125 Plciacbipacb).
1062 4039 1236 4105 Weriabart
1259 4039 1316 4124 (de
1342 4042 1474 4106 chkin·

280 4153 362 4244 para)
385 4152 426 4240 Β).
460 4153 634 4234 Diapadiaa
665 4152 702 4214 de
732 4151 878 4238 abagere.
924 4147 1087 4234 Ridoifan.
1133 4149 1342 4236 Regingcras.
1389 4151 1473 4216 Hei-

283 4266 440 4330 debrians.
477 4264 663 4327 Radbertus.
699 4259 930 4349 Rapiabardaa.
971 4259 1082 4322 Felicis
1104 4266 1201 4322 autem
1218 4262 1364 4323 memorie
1389 4262 1475 4324 Gar-

283 4373 373 4440 bircb
398 4371 556 4457 postmodo
577 4371 681 4434 induta
706 4369 901 4434 sanctimonie
927 4367 1037 4440 habitu,
1062 4367 1118 4432 sub
1142 4366 1311 4433 obedientia
1336 4389 1475 4434 conuer

283 4486 347 4546 sata
373 4486 420 4545 est
445 4481 566 4548 addatis
590 4479 627 4543 de
643 4480 806 4550 Katwica,
827 4477 878 4540 ubi
907 4498 974 4556 mox
1000 4477 1105 4542 obiens
1130 4476 1247 4560 sepulta
1276 4477 1415 4560 quiescit
1438 4479 1470 4540 in

285 4590 417 4654 domino.
437 4590 565 4652 Fratres
583 4593 680 4652 autem
692 4588 798 4672 predia
814 4588 954 4669 largitate
971 4588 1036 4652 eius
1054 4587 1160 4670 adepta
1176 4606 1231 4670 per
1243 4583 1296 4650 LX
1305 4586 1354 4650 11⁰·
1370 4573 1471 4650 annos
