3122 5096
274 376 352 450 58Χ

269 555 415 618 hactenus
432 554 622 620 obtinuimus.
647 562 677 621 et
692 559 838 641 precipue
855 577 973 621 omnem
988 557 1134 622 decimam
1151 557 1212 620 uini
1229 555 1266 620 ad
1285 555 1461 620 Chremisa.

269 663 440 726 renouando
463 664 548 727 nobis
571 666 724 730 stabiliuit.
753 667 877 751 insuper
898 671 929 729 et
949 666 1077 748 litigium
1099 665 1179 751 quod
1210 665 1369 729 habuimus
1394 684 1462 728 curn

269 773 421 854 preposito
434 775 601 855 patauieusi
614 777 644 836 et
657 794 724 838 cum
738 777 850 840 ceteris
863 773 1156 859 conprouincialibus
1170 775 1280 838 nostris
1293 772 1393 837 banno
1406 794 1462 837 suo

270 881 396 944 exclusit
418 881 473 944 sub
495 883 683 946 anathemate
697 904 765 948 eum
777 903 904 969 ponens.
932 886 983 969 qui
1006 883 1119 968 aliquid
1142 883 1180 946 de
1199 883 1349 967 predictis
1373 881 1463 946 bonis

267 989 300 1052 S.
316 989 408 1054 blarie
418 989 618 1056 subtraheret.
632 992 725 1058 Huius
736 997 779 1058 rei
788 999 884 1060 testes
893 998 973 1058 sunt.
985 993 1292 1058 Emistdetreiema.
1305 993 1464 1058 Herimam

268 1102 299 1161 et
310 1101 417 1182 frater
431 1099 499 1164 cim
513 1101 699 1187 Repinbart.
724 1102 876 1168 Elbiricb
898 1106 929 1166 et
946 1105 1053 1186 frater
1067 1101 1135 1168 cim
1156 1102 1298 1186 llblslrer.
1327 1102 1462 1167 March·

268 1214 358 1272 wart.
375 1208 530 1272 Dietricb.
548 1209 668 1274 Atrich.

760 1324 969 1396 cumvu.
991 1351 993 1356 ·

357 1441 484 1508 Nouerit
499 1445 640 1510 uniuersa
657 1444 807 1512 catholico
823 1443 921 1529 plebis
939 1445 1082 1510 ecelesia.
1106 1445 1187 1530 quod
1204 1445 1331 1530 quedam
1349 1445 1462 1509 nobilis

267 1556 399 1615 matrona
418 1554 579 1619 Gerdratb
601 1553 679 1616 dicta
697 1574 752 1637 pro
769 1553 903 1618 remedio
920 1555 1018 1618 anime
1040 1555 1151 1620 mariti
1165 1554 1216 1620 eui
1230 1554 1378 1618 libbirici
1393 1575 1461 1616 curn

267 1681 355 1726 manu
373 1663 511 1747 filiorum
534 1686 661 1728 acorum
684 1665 865 1730 Hadcmari
885 1671 915 1730 et
937 1664 1145 1751 Mcpimhordi
1164 1663 1288 1728 tradidit
1308 1663 1346 1726 ad
1364 1664 1462 1726 altare

268 1769 300 1832 S.
319 1769 413 1833 blarie
437 1771 574 1853 predium
599 1772 745 1856 quoddam
768 1775 855 1838 ultre
871 1774 1042 1838 danubium
1065 1771 1164 1836 situm.
1190 1773 1284 1836 Huius
1300 1772 1346 1836 rei
1363 1776 1461 1836 testes

269 1876 394 1942 adhibiti
411 1883 488 1940 sunt.
505 1879 706 1946 Heidimricb.
730 1881 879 1946 Ieinricb.
901 1883 1053 1946 Herrant.
1090 1879 1261 1946 Volebmar.
1289 1879 1460 1944 Heinrich.

268 1989 411 2053 Woelant.
437 1988 576 2052 Gocroin.
604 1989 736 2081 Vrlicob.
764 1990 912 2055 Waltbcr.
938 1991 1053 2056 Ticmo.
1070 1989 1257 2076 chimbart.
1273 1988 1459 2052 Adalbreht.

268 2096 413 2180 Wolsleer.
438 2095 618 2162 louestiture
634 2097 849 2164 Heidimicas.

649 2343 655 2350 .
755 2283 977 2354 CCXXXVlll.

355 2405 463 2468 Notum
476 2407 515 2468 sit
527 2407 644 2468 cunctis
657 2406 734 2488 quod
748 2405 877 2488 quidam.
894 2407 931 2469 N.
948 2405 1067 2471 Hcttilo
1080 2405 1340 2469 commutationem
1353 2405 1462 2469 fecerit

264 2511 362 2594 predii
387 2514 443 2574 sui.
470 2513 499 2575 in
517 2513 670 2596 presentia
688 2513 799 2576 domini
821 2515 868 2576 sui
890 2513 1043 2599 liupoldi
1056 2511 1251 2576 marchionis
1267 2531 1353 2574 suum
1373 2511 1461 2574 nobis

263 2620 400 2704 predium
417 2621 572 2702 delegans.
591 2627 621 2684 et
636 2621 809 2686 tantundem
832 2641 847 2683 a
866 2620 952 2684 uobis
968 2621 1130 2704 recipiens.
1156 2619 1249 2683 Huius
1267 2618 1460 2700 allegationis

261 2733 358 2794 testes
371 2729 401 2792 hi
414 2735 491 2794 sunt.
509 2715 727 2796 Heidirericue.
744 2730 912 2794 Adultera.
932 2705 1097 2794 (ldalricb.
1115 2728 1272 2793 Durincb.
1291 2705 1460 2794 0⁰dalricb.

267 2839 453 2904 Werinhmt.
470 2841 551 2906 Huc.
571 2840 719 2908 Gundolt.
736 2839 899 2904 Herimon.
922 2838 1085 2922 llblfhcre.

769 3006 950 3077 ccxxxix

352 3127 498 3194 Nouerint
522 3129 655 3193 uniuersi
678 3129 811 3194 ecclesie
833 3127 897 3191 filii.
926 3125 1007 3214 quod
1025 3127 1134 3212 felicis
1148 3129 1297 3194 memorie
1313 3130 1460 3196 dominas

262 3238 372 3303 Ncnro
388 3239 484 3304 obbas
500 3259 565 3301 curn
584 3237 707 3301 consilio
724 3241 847 3302 fratrum
865 3236 1086 3318 comparauerit
1102 3257 1118 3298 a
1135 3235 1255 3299 domino
1270 3238 1458 3302 Gebeburdo

262 3348 374 3411 comite
389 3349 429 3412 de
445 3349 563 3434 Picpim
587 3349 645 3410 duo
666 3346 816 3410 beneficia
839 3345 875 3408 ad
901 3345 1081 3429 Zmindors
1096 3344 1207 3407 XXX⁸¹.
1230 3343 1312 3408 ΗΜ.
1336 3348 1460 3410 mareis.

264 3477 299 3520 eo
323 3457 403 3540 quod
426 3462 510 3521 esset
534 3462 635 3521 nostro
660 3455 767 3540 predio
793 3456 965 3536 contiguum
987 3455 1017 3516 in
1040 3453 1176 3538 predicto
1199 3454 1266 3516 loco
1290 3454 1339 3518 siti
1359 3452 1455 3540 (sic).

263 3565 350 3648 Quod
370 3565 449 3629 idem
476 3566 682 3631 Gebebardca
703 3563 740 3628 ad
758 3564 852 3628 altare
868 3564 900 3628 S.
918 3564 1013 3628 llario
1029 3561 1183 3645 delegans.
1208 3561 1263 3626 hos
1280 3563 1411 3626 adsciuit
1427 3564 1455 3625 in

261 3674 473 3739 testimonium.
491 3673 638 3739 Ieinricb.
656 3665 804 3761 Ilatpo'to.
821 3670 999 3737 Hcitcolob.
1016 3670 1180 3734 Heinrich.
1199 3671 1409 3757 chinprebt.

794 3839 916 3910 CCXL.

352 3963 477 4046 Quidam
490 3963 647 4030 Adclbcro
661 3962 815 4046 delegauit
827 3959 866 4024 ad
878 3960 973 4024 altare
985 3959 1017 4024 S.
1028 3959 1121 4022 blarie
1135 3957 1271 4022 ancillam
1281 3957 1319 4020 N.
1329 3958 1455 4024 lleiram

262 4093 329 4137 cum
345 4072 424 4136 tiliis.
447 4071 485 4134 oh
510 4092 642 4136 censum.
665 4071 701 4134 V.
720 4071 909 4135 denariorum
926 4072 1034 4150 rogatu
1052 4068 1206 4131 cuiusdam
1222 4065 1351 4132 Hiltrici.
1377 4070 1455 4132 ethi

262 4180 389 4244 adtracti
404 4183 473 4244 sunt
489 4183 593 4243 testes.
611 4181 760 4266 Eberper.
778 4178 915 4266 Liupolt.
936 4177 1017 4241 Otto.
1035 4175 1172 4241 docmina.
1191 4174 1360 4240 Adultero.

789 4345 926 4418 CCXLl.

350 4469 495 4534 Nouerint
527 4468 661 4534 uniuersi
693 4469 833 4551 precioso
866 4464 978 4530 Christi
1009 4465 1156 4545 sanguine
1183 4463 1343 4548 redempti.
1375 4467 1455 4550 quod

261 4579 380 4662 quidam
407 4579 461 4642 uir
482 4577 597 4642 mobilia
618 4578 712 4664 hippo
739 4575 864 4640 tradidit
887 4593 979 4659 super
1007 4571 1102 4638 altare
1126 4571 1159 4634 S.
1177 4572 1271 4636 blarie
1298 4573 1454 4638 dimidium
