3122 5096
816 633 951 706 CCLXl.

380 773 525 838 lllemorie
549 771 682 838 fidelium
699 773 964 838 commendandum
982 772 1196 858 quodquidam
1214 771 1286 836 Otto
1303 771 1347 836 dc
1361 771 1485 857 crepin-

291 883 457 972 lcartinpin
474 882 628 966 delegauit
644 901 735 965 super
752 882 847 946 altare
869 882 902 945 S.
919 881 961 944 ld.
978 881 1156 966 mancipium
1179 900 1267 944 unum
1282 877 1431 942 Paldwin.
1448 876 1485 940 N.

290 1011 345 1076 pro
369 1010 463 1054 censu
494 988 529 1053 V.
562 991 759 1078 denariorum.
794 990 858 1056 Sub
883 989 931 1054 hie
953 989 1091 1054 testibus.
1125 989 1285 1055 Bertoldo.
1320 963 1487 1053 ddclrico.

295 1100 469 1166 Witimoro.
483 1099 571 1164 noir.
582 1098 764 1165 Adolberto.

814 1285 965 1357 conxn.

381 1423 528 1488 Nouerint
548 1427 608 1487 tam
630 1427 801 1508 presentes.
826 1444 915 1508 quam
930 1425 1021 1488 futuri
1037 1421 1149 1486 Christi
1166 1421 1314 1487 uocabulo
1336 1419 1488 1502 insigniti.

157 1565 159 1572 ¹
291 1530 420 1615 qualiter
441 1532 665 1618 chinlsordus
690 1532 730 1596 de
745 1533 942 1622 oncinpcrclc
964 1533 1079 1598 nobiles
1102 1532 1203 1596 homo.
1231 1539 1340 1612 rogatu
1365 1529 1491 1594 domini

290 1641 442 1730 Sipifn‘di
456 1646 487 1704 et
501 1641 699 1728 Mepinpoui
709 1644 850 1724 fratrum
871 1641 1024 1724 delegauit
1047 1661 1138 1724 super
1154 1639 1248 1704 altare
1265 1645 1372 1702 sancte
1389 1637 1490 1700 llarie

290 1750 468 1833 potestatiua
485 1769 583 1812 manu.
600 1749 732 1832 ipsorum
749 1749 780 1811 in
792 1749 955 1832 presentia.
972 1754 1004 1812 et
1015 1748 1129 1832 absque
1142 1748 1220 1812 omni
1234 1748 1488 1812 contradictione.

290 1857 395 1942 predia
412 1857 528 1920 illorum
542 1878 660 1943 queque
674 1855 754 1920 culta
767 1861 798 1919 et
811 1858 931 1922 inculta.
950 1861 982 1921 ut
992 1855 1163 1942 subscripta
1176 1863 1255 1920 suut.
1271 1856 1315 1920 Ad
1328 1877 1491 1921 caumana

292 1965 331 2028 Vl
347 1967 449 2030 uineas
466 1971 497 2028 et
513 1964 690 2028 dominicale
708 1986 796 2028 unum
819 1971 850 2028 et
864 1965 920 2028 tria
944 1965 1080 2030 curtalia.
1103 1965 1216 2028 curtalo
1239 1985 1359 2048 quoque
1384 1984 1490 2026 eorum

292 2094 360 2138 cnm
377 2075 510 2158 pomerio
527 2073 606 2156 quod
623 2073 751 2136 adiacet.
769 2079 799 2136 et
815 2073 930 2138 duobus
944 2074 1048 2159 pratis.
1065 2074 1121 2136 tria
1134 2075 1223 2136 etiam
1235 2071 1407 2136 molendina
1421 2091 1491 2134 cum

291 2203 365 2265 agro
382 2188 413 2246 et
429 2182 531 2266 pratis.
557 2184 588 2244 et
609 2181 693 2244 silua.
719 2181 842 2246 Addidit
863 2202 983 2266 quoque
1008 2179 1198 2244 dominicale.
1231 2181 1252 2244 l.
1282 2179 1317 2242 ad
1341 2179 1493 2244 malane

292 2310 359 2355 curn
376 2291 543 2374 mancipiis.
568 2289 612 2352 Ad
633 2289 812 2355 Malacae
833 2291 959 2354 uincam.
984 2289 1007 2352 l.
1033 2288 1171 2354 Villicnm
1188 2289 1306 2353 scilicet
1323 2287 1491 2351 llicherum

292 2419 359 2461 cum
377 2419 478 2462 uxore.
497 2396 576 2460 liliis.
595 2401 626 2460 et
642 2397 770 2462 filiabus.
789 2399 827 2462 ad
841 2405 939 2486 ponet
955 2397 1133 2462 dominicale
1150 2403 1180 2461 et
1196 2399 1252 2460 tria
1268 2396 1398 2461 curtalia
1421 2415 1491 2458 cum

291 2527 375 2589 agro.
407 2507 556 2590 Muldorf.
587 2505 649 2572 Vll.
677 2505 812 2571 curtalia.
854 2507 1023 2591 Odiofeldc
1044 2507 1101 2570 dno
1125 2505 1281 2570 beneficia.
1313 2505 1492 2571 Neusr'dclc

293 2613 352 2676 duo
380 2612 534 2677 beneficia.
571 2617 602 2675 ot
631 2613 689 2678 duo
721 2614 899 2678 molendina.
935 2623 966 2680 et
992 2615 1077 2679 llll⁰'.
1106 2613 1230 2678 curtalia
1255 2634 1324 2678 cum
1346 2613 1432 2693 agris
1463 2619 1496 2675 et

293 2722 399 2806 pratis.
415 2722 609 2809 Ausorpaclc
625 2723 833 2786 molendinum.
849 2742 915 2786 cum
928 2743 1013 2805 agro.
1033 2724 1112 2808 quod
1126 2721 1218 2786 habet
1240 2721 1352 2807 (habuit
1369 2729 1495 2784 dominus

293 2855 373 2910 snpra
384 2830 581 2918 scriptumest)
593 2833 726 2898 Hartnit
738 2831 914 2896 aduocatus.
935 2833 1088 2898 Gunzinis
1100 2833 1159 2896 duo
1167 2831 1324 2896 beneficia.
1333 2838 1365 2896 et
1372 2833 1493 2897 curtalo

294 2959 361 3004 cum
377 2947 462 3024 agro.
487 2939 550 3004 llee
567 2940 671 3004 etalio
688 2960 865 3024 quecunque
882 2941 941 3024 ipsi
957 2940 1021 3004 illic
1038 2942 1158 3025 propria
1171 2940 1349 3004 habuerunt.
1367 2939 1492 3024 publica

295 3047 462 3112 tradicione
483 3047 593 3112 tradita
616 3053 686 3112 sunt
707 3069 762 3132 pro
785 3049 919 3112 remedio
941 3049 1104 3114 animarum
1126 3069 1247 3114 suarum
1274 3054 1305 3112 et
1330 3053 1493 3132 parentum

293 3157 583 3245 suorumPiliprimi.
593 3155 1092 3245 scilicetetMcpinpozziaquorum
1100 3157 1251 3221 desiderio
1261 3159 1494 3222 etauctoritate.

294 3265 352 3330 hec
375 3263 511 3328 uoluntas
534 3264 612 3330 bona
637 3265 668 3328 in
688 3266 855 3352 nepotibus
874 3267 1016 3330 excrevit.
1036 3265 1122 3328 simul
1139 3269 1170 3328 et
1185 3266 1314 3330 omnium
1334 3272 1493 3350 parentum

295 3395 415 3438 suorum
432 3379 463 3436 et
478 3374 686 3440 inuestitumm
703 3373 871 3437 contradita
888 3378 968 3436 suut.
988 3373 1095 3436 Addita
1111 3378 1180 3436 sunt
1196 3374 1286 3438 etiam
1302 3373 1342 3438 ab
1360 3373 1426 3438 illis
1438 3374 1493 3438 hec

161 3503 163 3508 ·
295 3483 452 3566 mancipia.
478 3480 561 3548 Gotti
577 3485 608 3546 et
623 3481 790 3546 lleinricus.
816 3479 1002 3565 llelplnricus.
1020 3480 1222 3565 Wichpoldus
1238 3488 1270 3546 et
1285 3481 1366 3547 alius
1384 3483 1493 3548 Wiclr·

294 3591 413 3677 poldus.
430 3590 515 3654 Radi.
532 3590 723 3674 Engilpreth.
742 3588 995 3678 (suprascriptum)
1012 3595 1043 3654 et
1058 3589 1218 3654 Diethoch.
1236 3610 1306 3654 cum
1322 3591 1448 3658 filiabus
1463 3595 1492 3655 et

294 3699 365 3762 tiliis
393 3701 468 3762 suis.
501 3697 648 3762 Richarda
678 3719 745 3762 cum
770 3698 841 3761 liliis
867 3699 939 3760 suis.
973 3698 1010 3762 nt
1033 3703 1066 3761 ut
1088 3699 1146 3762 hec
1168 3698 1294 3764 tradicio
1321 3702 1447 3766 immota
1462 3705 1492 3764 et

295 3807 475 3871 inconcussa
489 3809 664 3892 perenniter
677 3813 804 3871 maneat.
819 3807 861 3869 hii
871 3811 966 3870 testes
979 3807 1077 3870 idonei
1092 3807 1177 3870 asciti
1192 3812 1270 3870 sunt.
1283 3810 1492 3876 Hadomnrus

294 3917 336 3982 de
357 3916 549 4003 elephorio.
583 3917 791 4004 Rapiobertoa
810 3916 986 4003 predictus.
1020 3921 1050 3979 et
1072 3917 1160 4002 filios
1183 3917 1251 3982 cius
1272 3919 1492 3985 Hadnmorus.

295 4023 508 4089 Herimonous
520 4024 560 4087 dc
570 4023 772 4088 kuotislccim.
791 4025 957 4090 Gocminua
972 4026 1012 4088 dc
1029 4024 1238 4107 Gozimadors.
1257 4030 1288 4087 et
1305 4025 1351 4088 hii
1364 4026 1492 4090 nobiles.

295 4134 419 4217 Ropoto
435 4132 483 4195 de'
496 4131 768 4219 Walprelctisdorpt
784 4132 1004 4219 Erclainprelnt
1024 4133 1064 4196 dc
1080 4132 1286 4197 welminicltc.
1313 4136 1494 4200 Pernoldua

296 4241 337 4306 de
361 4247 472 4305 coacto
497 4241 630 4328 ypolito.
670 4240 879 4326 Ebirlccrdus.
917 4240 1076 4308 Wclclmo.
1108 4240 1266 4306 Soitlrart.
1308 4244 1491 4310 Hcimioos.

297 4348 470 4414 liutoldus.
487 4349 678 4414 Homericam.
695 4352 901 4414 Ρενηιαηηιιε.

386 4456 455 4540 lpso
479 4455 529 4520 die
544 4457 749 4522 Hodcmarus
770 4457 810 4522 dc
825 4457 1023 4544 coaptarem
1041 4455 1167 4520 tradidit
1183 4456 1325 4539 predium
1341 4480 1438 4524 suum.
1452 4460 1494 4524 ad

296 4565 475 4652 persniclce.
494 4586 586 4649 super
602 4564 695 4628 altore
712 4569 816 4629 sancte
832 4565 873 4628 Μ.
890 4565 945 4628 sub
962 4565 1076 4629 eisdem
1092 4563 1229 4628 testibus.
