3122 5096
1222 370 1268 439 41

82 537 249 622 dorfsiturn
266 539 410 624 quicquid
425 541 457 602 in
474 537 581 604 eodem
598 537 666 603 loco
684 536 798 604 habuit.
816 546 942 627 excepta
956 565 1014 608 una
1030 545 1186 610 curticula.
1204 550 1273 630 post

82 648 231 734 utriusque
256 649 369 713 obitum
393 645 536 712 fratribus
561 647 616 714 hic
639 646 696 712 deo
720 648 925 713 seruientibus
950 652 980 713 in
999 673 1092 716 usurn.
1118 655 1211 716 Huius
1227 655 1271 717 rei

84 759 170 818 testes
185 755 318 820 fuerunt.
335 755 534 821 Heidinricd.
559 757 664 843 Eppo.
687 757 875 844 Reciotcrt.
893 758 1081 845 Adctprcdt.
1106 761 1271 827 Heinrich.

82 865 252 928 incestiture
268 865 469 932 Heidiaricd.
486 868 590 952 lippo.

609 997 730 1068 CLXV.

164 1137 313 1202 Nouerint
330 1137 418 1200 etiarn
436 1156 539 1202 ornnes
553 1137 633 1222 quod
645 1137 782 1201 dominns
798 1113 970 1206 (idolatras
982 1141 1151 1229 episcopua
1162 1148 1271 1225 rogatu

82 1247 188 1311 domini
211 1247 377 1312 Noazonic
398 1247 522 1312 abbatia
545 1250 576 1308 et
601 1246 731 1310 omnium
755 1247 881 1310 fratrum
899 1249 1052 1330 delegauit
1068 1270 1159 1332 super
1175 1249 1270 1316 altare

80 1355 109 1419 S.
125 1356 219 1420 Marie
244 1355 426 1442 barcfieicm
447 1353 658 1420 Adolbcroais
682 1355 769 1438 quate
792 1354 859 1436 ipse
883 1355 987 1420 habuit
1008 1358 1046 1420 ad
1062 1359 1269 1444 Horqioboclr

79 1485 128 1547 pro
144 1484 202 1550 qno
215 1466 326 1528 tratres
338 1463 539 1528 reddiderunt
552 1462 650 1526 eidem
663 1462 807 1546 episcopo
821 1464 937 1528 uincam
950 1485 1037 1528 unam
1051 1465 1088 1530 ad
1100 1467 1268 1531 Rcdoicde

77 1593 138 1636 cum
153 1573 292 1636 omnihus
312 1571 500 1657 appendiciis
517 1572 591 1634 suis.
609 1574 640 1634 et
656 1591 745 1635 nnrnn
761 1591 895 1635 mansum
912 1574 950 1636 ad
965 1574 1128 1639 Acwcrio.
1146 1575 1176 1636 in
1192 1596 1263 1658 pre·

78 1683 169 1748 sentia
185 1682 314 1747 militurn
330 1701 451 1746 suorum
466 1677 595 1766 cadola
609 1681 649 1744 de
665 1682 760 1768 beroe
774 1688 806 1745 ct
821 1682 991 1748 Portordi.

598 1865 736 1936 ccxvi.

160 2007 309 2071 Nouerint
340 2025 445 2070 ornnes
473 2003 586 2068 Christi
617 2002 725 2067 fideles
757 2002 886 2088 qualiter
916 2006 1092 2094 Licpoldcc
1121 2009 1263 2074 marchio

75 2115 172 2180 siluam
190 2113 362 2182 caccone
378 2116 498 2180 dictam.
517 2134 533 2178 a
550 2112 676 2197 quodam
692 2111 788 2176 nobili
803 2115 868 2177 uiro
885 2115 1005 2178 nomine
1024 2117 1172 2182 Wcldone
1192 2138 1266 2201 pre-

73 2231 155 2290 sente
174 2225 361 2292 marchione
381 2229 413 2288 et
433 2223 641 2288 consentiente
663 2243 754 2307 super
781 2221 876 2286 altare
904 2223 935 2286 S.
959 2224 1055 2289 Marie
1083 2226 1263 2307 delegatam.

73 2354 134 2398 cnm
155 2334 264 2418 predia
285 2334 381 2417 ipsius
404 2333 435 2395 in
452 2333 557 2422 eodem
575 2331 643 2394 loco
661 2331 719 2395 sita
736 2331 766 2394 in
783 2350 870 2394 snum
886 2331 933 2396 ius
949 2333 1092 2399 marchio
1109 2336 1260 2400 traxisset.

72 2440 105 2504 ab
125 2463 160 2508 eo
184 2443 245 2506 sibi
266 2444 351 2528 prius
373 2440 513 2526 delegata
537 2439 673 2504 eiusdem
694 2439 838 2504 terminos
861 2439 937 2504 silue
960 2441 1040 2506 inter
1063 2443 1180 2526 reliqna
1204 2443 1263 2508 sibi

72 2554 228 2616 contraxit.
257 2555 364 2636 postea
391 2569 466 2614 uero
493 2549 621 2612 fratrum
648 2549 801 2632 peticione
833 2550 929 2632 primo
958 2549 988 2611 in
1015 2551 1119 2615 manus
1152 2551 1262 2614 domini

69 2660 227 2726 Ncazom'c
250 2661 383 2726 abbatia.
410 2662 518 2744 postea
535 2677 607 2722 uero
622 2678 678 2742 per
694 2677 728 2721 sc
750 2657 847 2740 ipsum
873 2659 1025 2742 delegauit
1050 2680 1143 2744 snper
1166 2660 1261 2724 altare

69 2767 97 2830 S.
115 2769 219 2834 Mario.
240 2775 271 2833 et
287 2769 495 2832 inuestituram
512 2763 645 2830 secundo
663 2765 856 2829 contradidit.
874 2766 965 2830 Huius
979 2771 1077 2830 autem
1090 2768 1261 2832 traditionis

68 2879 159 2942 testes
180 2877 211 2941 hi
229 2900 286 2963 per
302 2897 404 2942 aorem
427 2881 497 2940 saint
513 2874 651 2938 adtracti.
678 2869 865 2939 Oddnrcdce
881 2875 922 2940 dc
936 2877 1073 2963 rooiyo'rr.
1098 2877 1261 2942 Dietricoo

67 2985 103 3047 dc
117 2985 315 3075 deicdliayr‘n.
348 2985 501 3051 Adclram
516 2984 557 3048 dc
568 2983 810 3070 plciodiopacd.
841 2983 1126 3069 Wecncorrctioe
1141 2987 1259 3072 Recta-

67 3093 144 3158 terri
157 3097 199 3160 de
215 3095 395 3178 Zettioyin.
420 3077 612 3180 Dictpotdoa
627 3092 668 3157 de
684 3093 813 3180 atcere.
838 3091 1045 3182 Bcchayeraa.

583 3279 734 3352 CLXVII.

146 3420 298 3485 Nouerint
325 3421 427 3486 cuncti
452 3419 560 3484 fideles
587 3419 667 3502 qnod
691 3418 810 3503 quidam
833 3420 889 3482 nir.
918 3419 956 3482 N.
977 3421 1124 3485 Meridot.
1154 3420 1258 3504 quiet

62 3530 194 3611 primitus
204 3529 385 3594 beneficium
399 3528 526 3592 dederat
536 3527 724 3608 xneiugera
739 3527 894 3610 deteganit
906 3547 999 3612 snper
1010 3527 1105 3593 attare
1118 3529 1150 3591 3.
1160 3529 1254 3591 Marie

64 3647 206 3725 perpetuo
228 3641 295 3704 iure
317 3638 510 3724 possidenda.
536 3636 629 3700 Huius
651 3637 821 3700 traditionis
843 3641 941 3700 testes
958 3642 1069 3700 extant.
1093 3637 1257 3724 Mcaeyolt

61 3749 98 3811 a»
117 3749 314 3838 roorspaco.
339 3749 496 3836 royano.
524 3746 663 3830 coefi-ar.
691 3723 856 3811 decrero.
881 3745 1050 3810 coartare.
1080 3745 1253 3810 aaaron.

63 3858 205 3925 Gundolt.
228 3859 331 3926 Wecit.

573 3986 738 4059 cnxvln.

143 4131 257 4195 Notum
271 4129 311 4195 sit
320 4129 408 4193 etiarn
422 4134 453 4193 et
462 4129 520 4192 hoo
533 4127 646 4192 christi
659 4127 809 4191 fidelibus.
824 4127 1046 4213 quodquidam.
1063 4129 1099 4192 N.
1113 4130 1252 4194 Eretria-

56 4261 147 4328 ceruc
167 4243 329 4332 incenante
350 4239 511 4304 nobiccum
532 4239 650 4324 deqcas
670 4238 705 4301 in
728 4239 918 4303 monasterio
942 4239 1004 4302 nita
1027 4240 1160 4304 decessit
1184 4257 1251 4304 eum

58 4337 212 4435 delegaret
234 4347 371 4434 predium
389 4347 427 4412 ad
444 4346 730 4412 Emicdindranm‘o
747 4367 840 4430 snper
856 4347 951 4410 attare
968 4348 1000 4410 S.
1020 4346 1114 4410 Marte
1131 4351 1252 4432 crearit

56 4463 166 4540 partem
182 4479 274 4523 unam
291 4457 432 4522 escwini
446 4457 499 4521 aci
511 4456 632 4521 militia.
650 4459 681 4519 et
696 4457 729 4519 in
743 4475 861 4520 manum
881 4457 1083 4522 Weriadordi
1097 4457 1249 4521 cuiusdam

56 4565 160 4631 nobilis
186 4566 249 4632 ¹uiri
278 4565 441 4648 delegauit.
470 4585 505 4630 eo
532 4565 639 4628 tenore
664 4569 696 4628 ut
719 4565 785 4648 ipse
810 4565 890 4628 illarn
915 4585 972 4648 quo
995 4583 1062 4628 eum
1083 4565 1248 4631 Ascanione
