3074 5094
1174 423 1250 495 299

66 595 171 664 geneal.
189 595 244 650 tab.
265 595 351 648 XXIII.
370 595 414 648 Nn.
434 595 476 648 lx.
501 595 584 648 -Iu
604 595 651 649 der
671 595 744 650 Mitte
764 596 810 650 das
829 597 1058 652 landesfiirstliche
1074 596 1247 669 Ileilersicgel

67 689 115 742 mit
133 687 193 740 dem
210 687 465 741 Bindeschildo.
486 717 519 728 —-
539 687 613 740 Danu
632 687 678 742 das
692 705 783 758 grosse
802 687 954 759 dreieckige
975 689 1066 759 Siegel
1090 689 1248 744 Hodcmari

65 777 100 832 de
118 777 276 840 Sunbcrcb,
296 779 398 832 thulich
419 779 477 832 darn
503 779 545 832 bei
565 779 712 838 llanlhaler,
732 781 749 832 l.
770 798 792 833 c.
812 782 864 834 tab.
885 782 958 836 XLV.
979 781 1024 834 Nr.
1045 781 1132 834 XVIII.

141 869 174 940 1)
194 869 273 922 Siehc
294 868 433 932 Saalbuch‚
452 868 589 923 Tradition
608 869 653 924 Nr.
671 870 780 926 LlIllIll.

544 1051 546 1059 '
594 1046 730 1119 XXXIII.

64 1201 144 1260 12³2.
165 1201 189 1259 I.
202 1201 274 1260 Junl.
293 1201 376 1260 Wien.
390 1232 426 1242 —
439 1201 492 1255 Aba
510 1201 631 1256 Heianch
650 1219 699 1257 von
712 1202 844 1274 thtweig
863 1203 994 1258 dbcrltsst
1011 1201 1058 1256 mit
1070 1201 1253 1273 Einwilligung

67 1293 159 1348 seines
178 1293 294 1366 Capitels
323 1294 382 1348 dem
409 1294 515 1348 Pfurrcr
534 1295 625 1348 Ulrich
654 1312 704 1348 von
722 1295 895 1350 WItzelsdorf
912 1296 959 1348 auf
982 1293 1135 1348 LebenszeIt
1154 1311 1196 1346 um
1214 1296 1249 1348 60

8 1407 12 1416 ’
66 1385 179 1440 Talente
204 1385 254 1438 den
273 1386 465 1439 Fruchtzebeut
492 1385 518 1438 in
537 1385 703 1440 Scharndorf
728 1385 782 1438 und
811 1386 877 1438 auch
897 1385 946 1438 den
966 1386 1048 1438 sehon
1071 1385 1169 1446 friibcr,
1189 1385 1251 1450 aber

69 1477 312 1546 unrecbtmiissiger
329 1476 418 1531 Weiss
446 1477 605 1530 besessencn
634 1477 734 1530 Zehent
760 1477 787 1529 in
806 1477 1042 1540 Leubmannsdorl,
1060 1478 1144 1530 woltir
1163 1476 1252 1532 Ulricb

71 1567 115 1624 eiu
140 1567 253 1622 auderes
282 1567 343 1622 dart
365 1568 501 1638 liegardes
524 1569 669 1622 versctztes
697 1568 845 1638 Zehentgut
876 1568 923 1622 des
947 1567 1041 1622 Stiltes
1076 1568 1172 1622 einldst
1201 1566 1254 1620 und
1278 1557 1281 1560 ’

66 1659 225 1716 ausserdcm
252 1657 366 1729 jthrIIch
386 1659 462 1712 elnon
480 1659 584 1712 Hausen
602 1677 634 1712 zu
662 1657 755 1712 liclern
773 1659 929 1730 verspriclrt.
959 1659 1013 1712 Dar
1039 1673 1121 1728 ganne
1140 1659 1253 1727 Vertrag

180 1750 245 1806 wtrd
264 1749 348 1806 durch
365 1751 529 1822 Anhtuguug
549 1749 595 1805 des
617 1749 864 1805 landesfdrstlichen
883 1751 987 1822 Sicgels
1007 1748 1151 1820 gesichert.

597 1860 731 1920 [OrigInal.]

160 2005 194 2070 In
212 2005 338 2070 Nomine
362 2011 465 2072 sancte
488 2010 518 2070 et
540 2006 695 2071 indiuidua
718 2007 869 2072 trinitatis.
894 2008 996 2071 Amen.
1028 2006 1074 2072 Ne
1097 2012 1250 2092 gestarum

66 2137 172 2180 rerum
204 2116 312 2182 noticia
343 2137 491 2201 processu
520 2117 664 2200 temporis
697 2122 868 2190 euanescat,
914 2117 1078 2182 Ilttcrarum
1110 2117 1251 2181 memorie

66 2227 305 2290 commendatur.
329 2227 499 2290 Innotescat
520 2226 613 2308 igitur
634 2233 693 2288 tarn
710 2225 900 2310 presentibus
922 2247 1008 2311 quam
1030 2227 1148 2299 suturis,
1173 2225 1253 2310 quod

69 2357 129 2420 ego
147 2337 318 2402 Heinricus
336 2335 384 2400 dci
407 2337 509 2418 gracia
528 2337 659 2400 ecclesie
684 2336 877 2400 kotwicensis
901 2336 991 2400 abbas
1023 2341 1054 2400 et
1074 2341 1152 2400 totus
1178 2356 1253 2399 con-

70 2450 181 2510 uentus
198 2444 333 2509 cinsdem
350 2444 491 2518 ecclesie,
509 2445 638 2509 decimas
656 2429 786 2510 ecclesie
802 2450 905 2509 nostre
929 2445 960 2508 in
984 2445 1054 2508 uilla
1070 2467 1128 2531 que
1144 2446 1254 2510 dicitur

66 2555 291 2638 Scburindorf,
316 2559 373 2618 tarn
391 2554 520 2618 maiores
538 2575 624 2638 quarn
647 2556 785 2628 minores,
812 2555 929 2618 domino
945 2555 1049 2621 ,Vtrico
1074 2554 1201 2638 plebano
1216 2534 1255 2618 de

69 2665 296 2748 Wzilinsdorf,
320 2667 390 2728 tuuc
414 2663 515 2727 scribe
531 2664 660 2736 dustria,
684 2664 722 2728 de
746 2666 892 2728 communi
914 2665 1038 2730 consilio
1056 2669 1086 2728 et
1102 2685 1253 2728 consensu

66 2797 127 2860 pro
150 2774 201 2836 lnta
218 2774 336 2836 talentis
358 2775 561 2837 concessimus
582 2773 618 2836 ad
642 2779 775 2858 tempora
800 2774 861 2838 uite
878 2795 950 2846 sue,
972 2774 1105 2858 exceptis
1129 2773 1252 2838 decimis

67 2885 132 2949 uini
150 2888 180 2946 et
196 2903 253 2946 uno
269 2881 427 2954 beneficio,
450 2881 664 2968 quodquidam
683 2885 812 2956 Vlriccs,
831 2889 1027 2966 cognomento
1053 2881 1219 2957 Trrismoer,
1237 2905 1252 2947 a

65 2992 158 3057 nobis
181 2990 282 3064 babet,
308 2996 338 3054 et
360 2990 410 3055 diu
432 2991 535 3055 habuit
555 2991 625 3074 jure
647 2991 738 3056 leudi.
771 2993 834 3058 Sed
858 2993 926 3078 quia
947 2993 1100 3076 predictus
1131 2993 1249 3058 Vlricus

65 3100 216 3186 plebanus
245 3100 377 3164 decimas
400 3099 471 3162 uille
498 3099 768 3184 Lcobmoccsdorf
785 3102 821 3164 ad
847 3100 1007 3166 ecclesiam
1032 3105 1162 3164 nostram
1180 3101 1251 3182 jure

68 3213 245 3294 spectantes
269 3213 371 3272 contra
394 3209 500 3272 bonam
524 3211 704 3273 voluntatem
722 3215 851 3273 nostram
877 3215 908 3272 et
926 3230 1007 3272 suam
1028 3210 1249 3274 conscienciam

71 3317 260 3402 possidebat,
278 3323 427 3402 tamquam
440 3319 485 3382 vir
499 3317 631 3400 prudens
646 3319 790 3381 ettimens
801 3318 959 3390 dominum,
975 3339 1062 3382 unum
1074 3317 1252 3382 beneficium

67 3427 256 3492 decimarum
276 3426 414 3508 predicte
434 3426 514 3498 uilla,
537 3427 616 3511 quod
637 3427 755 3490 aliunde
778 3428 874 3490 luerat
895 3425 1058 3508 obligatum
1081 3429 1112 3490 in
1131 3449 1201 3490 usus
1222 3432 1252 3490 et

65 3535 294 3620 possessiouem
309 3535 440 3598 ecclesie
459 3539 561 3598 nostre
575 3534 713 3608 redemit,
737 3542 766 3599 et
783 3537 930 3598 annuatim
947 3534 1033 3598 nobis
1050 3536 1175 3618 piscem,
1201 3536 1255 3619 qui

65 3645 179 3712 dicitur
207 3645 286 3708 Huse
311 3645 381 3708 dare
403 3645 548 3726 promisit,
573 3649 604 3706 ut
625 3643 662 3707 de
685 3643 759 3708 bona
782 3644 932 3708 uoluntate
955 3649 1056 3722 nostra
1080 3647 1138 3706 iam
1157 3641 1251 3706 dIctas

66 3756 202 3818 decimas
215 3758 326 3818 tantum
341 3753 377 3816 ad
387 3751 451 3816 dies
467 3753 527 3816 uite
541 3775 594 3816 sue
603 3753 758 3836 possideat
777 3759 807 3817 et
825 3753 931 3838 siquid
944 3753 1063 3836 priusin
1078 3753 1250 3816 detentione

66 3865 231 3928 earundem
240 3863 421 3926 decimarum
434 3862 603 3946 deliquerat
612 3861 670 3925 sibi
681 3863 1053 3934 excorderemitteremus,
1064 3863 1252 3948 quodutique

68 3975 167 4038 animo
185 3972 317 4055 gratanti
332 3972 460 4034 fecimus
474 3979 505 4039 ct
516 3971 631 4042 libenti,
646 3977 677 4036 et
688 3972 718 4036 in
728 3973 931 4054 signumbone
941 3971 1100 4035 uoluntatis
1110 3976 1212 4034 nostre
1223 3976 1254 4034 et

68 4082 242 4148 deuotionis
255 4081 313 4164 ipsi
326 4081 454 4144 omniurn
467 4081 638 4144 oracionnrn
648 4089 814 4154 nostrarum
825 4081 959 4144 dedimus
970 4081 1203 4144 communionem
1215 4079 1253 4167 ¹).

67 4193 105 4258 Vt
120 4189 287 4256 autembec
301 4191 398 4253 omnia
410 4194 474 4252 rata
488 4195 683 4272 permaneant
698 4194 784 4274 atque
801 4189 893 4262 firma,
908 4188 1017 4272 sigillis
1035 4189 1144 4252 domiui
1157 4193 1254 4253 nostri

62 4301 241 4372 Fridcrici,
265 4304 335 4362 tuuc
350 4299 435 4362 ducis
453 4299 570 4362 Austris
588 4305 617 4362 et
633 4301 730 4369 stiria,
756 4306 785 4361 et
808 4299 918 4374 domini
938 4299 1094 4385 Lccpoldi
1116 4301 1255 4362 canonici

63 4409 270 4495 pataviensis,
305 4411 335 4470 et
371 4407 498 4492 predicti
529 4407 639 4472 domini
682 4405 776 4473 Vlrici
819 4407 918 4471 scribe
955 4407 992 4469 de
1033 4407 1254 4492 Wcilinsdcrf,

63 4517 247 4585 communiri
269 4517 394 4580 fecImus
418 4517 456 4580 ad
478 4517 633 4590 cautelam,
666 4517 833 4580 nominibus
856 4517 978 4578 testium
1001 4515 1177 4588 subnotatis,
1203 4519 1250 4600 qni

61 4634 145 4694 sunt.
172 4627 344 4693 Heloricna
364 4627 534 4714 prepositus
558 4625 751 4712 patauiensis.
776 4626 950 4712 Liopoldus
973 4623 1083 4688 domini
1107 4625 1253 4710 prepositi
