3074 5094
1161 398 1235 470 275

62 569 347 634 cmaisMooosterdi
360 570 468 634 factam
480 569 645 651 indigentie
662 569 816 654 plebesani
832 571 998 636 sacerdotis
1015 574 1154 657 deputata
1170 575 1236 648 tuit,
1263 585 1265 594 '

60 677 94 740 ad
113 698 180 740 usus
205 684 237 742 et
260 678 452 741 refectionem
472 698 636 762 pauperum
657 680 688 741 in
710 679 849 762 hospitali
873 681 1035 764 prescripti
1059 683 1237 748 Mouesterii

60 788 294 852 concurrentium
310 807 363 871 pro
380 786 513 852 remedio
530 789 626 852 anime
639 793 744 852 nostre
757 807 812 851 uec
824 809 880 852 non
898 794 1054 872 parentum
1066 795 1233 856 nostrorum

59 915 119 958 cum
135 916 283 960 consensu
300 897 487 964 cheriuostri
505 900 534 958 et
548 895 784 962 ministerialium
800 897 968 962 contuentia
980 899 1165 973 tradidimus,
1178 902 1234 965 bac

57 1004 226 1088 interposita
248 1006 440 1076 condicione.
466 1011 499 1070 ut
514 1009 670 1089 postquam
688 1005 768 1070 diem
790 1006 983 1072 clauserimus
1001 1013 1180 1073 exstremum
1205 1010 1235 1072 in

58 1112 254 1178 anniuersario
275 1117 375 1178 nostro
397 1114 566 1178 recordatio
587 1117 680 1178 nostri
703 1113 968 1200 quantulacumque
985 1116 1057 1180 inibi
1078 1117 1233 1182 habeatur.

58 1220 131 1285 Sane
147 1222 215 1316 quia
237 1223 347 1306 peticio
365 1227 395 1286 et
415 1223 461 1286 ius
482 1223 750 1306 representaticnis
771 1225 801 1286 in
823 1225 1026 1306 prenominata
1044 1227 1172 1292 ecclesia
1196 1228 1232 1290 ad

56 1327 186 1395 abbatem
203 1335 235 1394 et
252 1336 431 1396 conuentum
446 1331 541 1396 libere
559 1336 589 1396 et
604 1332 669 1396 sine
685 1332 877 1415 ambiguitate
891 1335 1054 1418 spectabat,
1066 1335 1143 1400 banc
1160 1357 1231 1420 pre-

56 1440 215 1521 rogatiuam
231 1436 390 1506 Itridmuro
409 1440 508 1504 abbati
528 1442 591 1504 uiro
608 1442 708 1526 utique
725 1442 856 1508 discreto
874 1448 904 1506 et
924 1444 1065 1527 religioso
1097 1449 1128 1508 et
1148 1445 1231 1509 nobis

56 1548 208 1632 plurimum
230 1555 367 1634 eccepto,
388 1551 509 1634 eiusque
531 1550 759 1614 suecessoribus
779 1571 835 1634 per
850 1553 957 1616 ostium
979 1553 1157 1618 intrantibus
1184 1557 1231 1616 in-

57 1657 205 1730 dulsimus,
223 1658 301 1742 quod
317 1659 354 1724 ad
371 1658 524 1723 arbitrium
549 1664 580 1722 et
601 1658 783 1724 uoluntatem
805 1663 936 1744 ipsorum
953 1664 1096 1730 sacerdos
1116 1662 1231 1728 discre-

56 1771 99 1829 tus
119 1771 149 1829 et
168 1767 296 1832 honeste
312 1767 460 1852 opinionis
481 1768 611 1832 clericus
628 1767 778 1832 dumtaxat
793 1769 824 1832 in
841 1789 876 1832 ee
892 1770 1062 1843 ordinetur,
1086 1775 1136 1856 qui
1158 1792 1232 1837 con-

57 1879 150 1940 tentus
167 1875 328 1959 stipendio,
345 1876 422 1962 quod
439 1877 467 1938 ei
483 1875 584 1948 abbas,
602 1876 651 1960 qui
667 1879 738 1938 tunc
753 1895 807 1960 pro
824 1879 957 1961 tempore
973 1880 1130 1952 exstiterit,
1149 1880 1231 1942 ordl-

58 2005 123 2048 nare
139 1989 345 2069 competenter
361 1985 500 2058 uoluerit,
518 1985 618 2048 diuina
634 1983 743 2050 ibidem
764 1984 900 2050 celebret
914 1986 1033 2072 populo,
1057 1993 1087 2052 et
1103 1988 1231 2054 ecclesi-

58 2094 144 2158 astica
161 2099 350 2158 sacramenta
365 2095 524 2158 ministret.
539 2093 677 2158 Ceterum
694 2093 751 2158 alia
764 2115 821 2178 que
838 2095 875 2158 de
891 2094 1014 2160 decimis
1027 2101 1058 2160 et
1074 2096 1232 2161 oblationi-

55 2202 106 2266 bus
122 2201 249 2288 aliisque
261 2203 438 2268 utilitatibus
460 2204 620 2287 prouenire
637 2207 667 2268 et
683 2224 844 2288 superesse
861 2209 1010 2287 poterunt,
1033 2227 1087 2291 per
1113 2225 1230 2270 manum

55 2311 163 2376 abbatis
196 2313 233 2377 ad
260 2311 498 2398 supplementum
525 2312 669 2396 pretaxati
691 2312 848 2398 hospitalis
877 2316 1024 2379 annuatim
1048 2315 1103 2382 sub
1132 2317 1230 2402 aliqua

55 2427 130 2488 certa
146 2423 294 2507 pensione
308 2424 521 2488 ministrentur.
536 2421 644 2486 Verum
661 2421 729 2506 quia
741 2423 919 2489 mentionem
936 2425 972 2488 de
989 2424 1054 2490 iure
1069 2425 1241 2510 peticionis¹

54 2531 80 2594 in
93 2532 214 2598 Pircho
226 2533 360 2606 fecimus,
374 2553 411 2596 ne
424 2532 500 2596 hanc
514 2535 643 2596 nostram
657 2531 848 2596 ordinationis
861 2535 1099 2600 constitutionem
1111 2537 1140 2598 in
1153 2538 1230 2600 reci-

54 2639 147 2704 diuum
164 2642 335 2725 scrupulum
353 2641 518 2727 quempiam
540 2640 688 2705 reducere
711 2641 878 2724 contingat,
899 2644 1079 2728 precipimus
1102 2645 1230 2710 auctori-

52 2753 107 2814 tate
122 2771 179 2836 qua
197 2749 269 2814 licet
284 2749 398 2833 indigni
415 2755 445 2812 et
459 2751 590 2834 impares
607 2748 720 2813 uiribus
737 2751 950 2832 preminemus,
968 2755 999 2814 et
1015 2753 1169 2817 statuimus
1188 2773 1225 2816 ne

54 2861 196 2944 quispiam
213 2859 251 2924 de
268 2864 368 2924 cetero
383 2880 438 2946 pro
454 2857 551 2944 aliqua
568 2878 695 2942 persona
713 2864 783 2943 aput
799 2880 992 2924 successores
1009 2867 1127 2925 nostros
1149 2864 1228 2948 peti-

55 2970 163 3034 cionem
182 2971 262 3032 sicut
278 2969 344 3034 fieri
361 2967 472 3034 assolet
488 2969 642 3052 porrigere
658 2974 809 3050 presumat
825 2967 873 3032 uel
890 2970 977 3034 etiam
993 2975 1156 3054 attemptet.
1179 2971 1228 3035 ln-

55 3078 160 3144 deoens
174 3079 252 3144 eninr
265 3078 353 3142 ualde
366 3083 457 3150 esset,
472 3084 503 3142 ut
515 3078 594 3160 quod
607 3078 705 3142 studio
718 3079 837 3161 pietatis
850 3078 1011 3145 admissum
1020 3080 1113 3144 tuisse
1126 3081 1229 3145 dinos-

50 3189 132 3260 citur,
157 3191 184 3251 si
200 3189 231 3250 in
252 3188 460 3253 detrimentum
483 3188 654 3252 monasterii
669 3192 774 3270 postea
797 3189 1020 3272 quomodolibet
1045 3194 1225 3254 uerteretur.

49 3296 144 3382 ltaque
160 3297 306 3362 institutio
322 3299 379 3360 iam
395 3298 475 3360 dicte
500 3296 630 3362 ecclesie
647 3296 812 3360 secundum
829 3303 959 3360 nostram
983 3299 1224 3362 constitutionem

50 3407 229 3474 omnifariam
242 3407 278 3470 ad
290 3407 528 3473 Choteeoioensis
541 3405 657 3470 abbatis
671 3406 883 3470 ordinationem
894 3406 1069 3470 inconuulse
1083 3413 1113 3470 et
1125 3407 1226 3492 quiete

51 3521 222 3597 permaneat
243 3520 274 3578 et
296 3515 483 3580 obseruetur.
509 3515 543 3579 Si
560 3515 625 3601 quis
642 3519 740 3578 eutem
755 3515 979 3598 attemptauerit
994 3516 1071 3580 hanc
1093 3520 1225 3580 nostram

49 3623 237 3688 traditionem
253 3628 283 3690 et
299 3624 403 3708 scripti
420 3626 517 3688 nostri
535 3626 718 3688 caracterem
734 3623 887 3688 adnullare
903 3629 934 3688 et
948 3625 980 3688 in
995 3624 1110 3688 irritum
1133 3624 1227 3688 redu-

49 3751 125 3804 cere,
143 3753 211 3797 cum
228 3732 335 3796 dathan
353 3738 383 3797 et
398 3733 502 3796 abiron
518 3733 592 3795 iram
609 3735 639 3795 et
654 3732 746 3796 diuini
768 3733 1051 3797 animaduersionem
1066 3733 1168 3797 iudicii
1192 3752 1226 3796 se

48 3841 245 3924 promeruisse
263 3841 380 3913 sentiat,
406 3846 492 3926 atque
517 3859 582 3904 curn
606 3842 706 3924 impiis
724 3847 753 3906 et
775 3841 929 3905 sceleratis
945 3845 1116 3924 reputatus,
1140 3859 1224 3904 corn·

49 3951 182 4014 munione
206 3951 341 4033 eorporis
363 3956 394 4016 et
417 3949 568 4034 sanguinis
587 3937 699 4016 Christi
719 3951 748 4013 in
770 3951 939 4014 nouissimis
963 3957 1072 4014 careat.
1100 3949 1223 4014 Cunctis

48 4064 141 4126 autem
157 4059 217 4124 bec
234 4060 421 4126 seruantihus
436 4065 466 4126 et
481 4062 538 4126 boe
550 4061 646 4146 ipsum
663 4060 741 4146 quod
757 4062 787 4123 iu
799 4062 967 4124 memoriam
981 4062 1074 4124 nostri
1086 4060 1224 4132 fecimus,

47 4166 172 4253 benigno
186 4173 272 4236 uculo
285 4170 526 4254 respicientibus,
542 4172 580 4234 sit
592 4189 648 4254 pax
661 4174 692 4234 et
704 4168 841 4234 exultatio
855 4175 884 4234 et
894 4171 925 4236 iu
938 4190 1060 4236 numero
1074 4171 1218 4235 iustorum

48 4280 225 4344 consortium
238 4281 372 4344 inuenire
385 4283 533 4344 mereatur
548 4278 629 4368 (sic)
641 4299 693 4363 per
711 4300 778 4343 eum
790 4281 840 4365 qui
856 4285 928 4352 erat,
950 4285 980 4343 et
993 4282 1042 4365 qui
1055 4286 1111 4352 est,
1126 4279 1219 4365 etqui

48 4393 186 4454 uenturus
204 4395 251 4454 cst
266 4389 394 4455 reddere
410 4390 569 4473 unicuique
585 4390 665 4452 iuxta
682 4409 773 4472 opera
790 4410 852 4452 sue.
869 4392 971 4452 Amen.
989 4393 1092 4454 Arnen.
1114 4390 1216 4453 Amen.

131 4497 206 4562 Acta
226 4502 295 4562 sunt
316 4498 373 4562 hec
396 4518 472 4562 anno
496 4498 711 4560 lncarnationis
739 4497 887 4562 dominice
909 4497 982 4562 Mill.
1011 4498 1220 4562 cmxxxllll.

48 4601 208 4671 Indictione
244 4605 266 4668 l.
305 4603 359 4670 sub
397 4605 514 4670 dominc
552 4606 650 4672 Lucio
688 4625 765 4688 papa
800 4605 846 4668 llI.
883 4606 1037 4688 Regnante
1068 4607 1222 4672 Fridericc

952 4710 1008 4764 18⁶
