3074 5094
283 417 359 488 320

286 593 400 669 debeo,
438 599 468 660 et
498 597 535 660 ad
557 597 704 661 lllustrem
734 599 851 680 Regem
880 595 1067 662 Otocberum
1093 614 1128 658 ac
1149 611 1220 656 suos
1253 613 1461 667 successores,

285 705 574 788 quicunqueluerint
587 707 685 771 Duces
698 706 817 771 Austris
830 705 988 770 aduocacia
1001 703 1135 786 prodicta
1148 701 1233 788 quasi
1246 700 1463 766 vacanslibere

285 811 471 877 deuoluetur.
496 814 573 878 Sunt
588 820 684 879 autem
701 816 758 880 hec
774 817 837 880 iura
854 815 960 901 quibus
977 817 1136 877 contentus
1153 833 1223 876 esse
1241 809 1337 875 debeo
1355 815 1388 874 et
1404 831 1461 873 non

286 920 374 995 ultra,
398 922 540 988 videlicet
561 930 686 1010 quatuor
707 925 798 988 modii
822 945 916 988 auena
938 928 968 988 at
993 927 1060 987 octo
1077 925 1216 995 metreta,
1245 925 1275 984 et
1296 941 1350 984 sex
1371 918 1463 984 solidi

287 1029 478 1096 denariorum
494 1038 525 1097 at
537 1035 594 1098 duo
612 1035 736 1108 denarii,
758 1035 831 1119 pulli
844 1035 993 1098 decem-et
1004 1037 1084 1102 octo,
1108 1031 1146 1094 da
1163 1031 1252 1095 Curia
1264 1051 1337 1094 uero
1349 1029 1466 1095 Sancti

289 1139 350 1205 Viti
375 1141 529 1206 soluentur
552 1143 623 1206 mihi
650 1145 680 1206 in
707 1149 767 1208 toto
796 1143 991 1229 quadraginta
1020 1145 1147 1204 metreta
1170 1140 1305 1222 Siliginis
1334 1143 1363 1203 et
1387 1159 1462 1202 unus

285 1268 396 1331 porcus
418 1251 525 1315 melior
545 1256 614 1336 post
638 1253 787 1336 optimum.
825 1253 986 1317 Plebanum
1008 1272 1079 1315 vero
1104 1249 1208 1314 Sancti
1231 1248 1290 1313 Viti
1317 1251 1349 1312 iu
1370 1247 1461 1312 nullis

285 1378 415 1441 grauare
431 1358 539 1434 debeo,
557 1361 614 1427 nisi
630 1360 702 1426 mibi
717 1363 748 1426 in
769 1364 868 1449 aliquo
885 1363 1000 1426 seruire
1021 1359 1150 1424 volucrit
1165 1359 1284 1443 propria
1299 1341 1464 1422 vuluntate.

284 1467 410 1552 lnsupar
440 1470 467 1533 si
494 1473 572 1536 inter
602 1473 735 1536 homines
769 1471 909 1536 Ecclesia
937 1471 1028 1555 aliqui
1059 1489 1199 1534 excessus
1229 1468 1464 1552 qualescumque

287 1578 421 1642 commisi
443 1580 563 1653 luerint,
589 1580 648 1644 dne
668 1585 770 1666 partes
798 1581 924 1645 amande
944 1579 981 1644 ad
1006 1579 1153 1643 dominum
1175 1575 1328 1649 Abbatem
1353 1577 1393 1640 ad
1417 1598 1465 1640 me

289 1706 359 1750 vero
384 1690 478 1753 tercia
503 1690 674 1774 pertinebit.
712 1690 746 1754 si
769 1711 841 1756 vero
864 1691 961 1774 aliqua
983 1709 1111 1774 persona
1133 1692 1273 1751 extranea
1292 1679 1488 1750 hominibus

284 1796 423 1871 Ecclesia
449 1797 546 1882 aliqua
572 1800 725 1864 intulerint
753 1797 819 1870 (δίο)
850 1801 1032 1884 gremmine,
1061 1797 1233 1862 satisfaccio
1265 1796 1302 1860 ad
1329 1816 1379 1860 ma
1412 1817 1466 1880 per

285 1907 381 1970 omnia
397 1909 568 1992 pertinebit.
593 1910 717 1994 Insuper
739 1909 765 1973 si
786 1909 824 1974 de
847 1930 913 1974 mea
937 1909 1023 1994 culpa
1046 1908 1151 1994 predia
1173 1905 1311 1972 Ecclesia
1329 1903 1466 1970 Cbotwi·

290 2017 392 2080 censis
410 2023 540 2082 cremata
555 2019 605 2082 ual
629 2019 716 2082 aliter
731 2020 840 2082 fuerint
856 2017 998 2091 desolata,
1022 2039 1058 2082 en
1073 2015 1318 2082 Ministerialibus
1333 2015 1467 2088 dustria,

289 2126 338 2209 qui
366 2126 530 2191 consiliarii
553 2129 663 2193 fuerint
689 2129 850 2213 principis,
882 2131 1007 2213 quatuor
1030 2126 1141 2190 debent
1168 2126 1250 2208 eligi,
1275 2123 1312 2188 ad
1341 2145 1469 2208 quorum

286 2237 445 2303 consilium
463 2243 568 2305 teneor
583 2241 751 2305 emendare.
785 2241 910 2323 Insuper
926 2239 952 2302 si
965 2259 1019 2322 pro
1036 2237 1172 2320 generali
1187 2242 1270 2302 terre
1283 2237 1469 2301 necessitate

287 2346 318 2408 iu
335 2347 510 2413 ciuitatibus
522 2351 640 2416 bustric
653 2351 744 2414 luerit
756 2349 910 2436 expedicio
919 2347 1110 2434 proclamata,
1135 2346 1290 2413 Staevram
1303 2346 1340 2411 ab
1351 2347 1470 2410 eisdem

293 2456 460 2523 hominibus
497 2459 593 2524 debeo
626 2461 765 2546 recipere
796 2463 1028 2544 competentem,
1067 2459 1198 2524 discreto
1229 2463 1330 2522 tamen
1356 2455 1470 2520 domiui

295 2563 419 2631 Abbatis
443 2570 551 2632 nuncio
567 2569 725 2634 mediante.
749 2569 892 2633 Preterea
908 2569 938 2632 in
953 2568 1258 2653 reconpensacionem
1275 2587 1310 2632 ac
1328 2566 1473 2630 emenda-

289 2673 407 2739 cionem
435 2677 642 2762 dampnorum‚
675 2699 732 2764 qua
759 2679 896 2763 predicta
923 2677 1062 2742 Ecclesia
1088 2677 1245 2742 intuleram
1272 2676 1303 2740 in
1331 2676 1472 2760 predicta

289 2785 464 2860 aduooacia‚
488 2793 640 2853 vecturam
656 2810 743 2874 quam
764 2790 910 2852 annuatim
931 2788 968 2852 ab
986 2787 1120 2852 omnibus
1143 2789 1172 2851 in
1188 2787 1293 2851 eadem
1311 2785 1471 2850 aduocatio

293 2894 494 2960 residentibus
511 2895 622 2961 habere
646 2897 736 2962 debui
756 2903 901 2983 perpetuo
923 2897 1069 2971 rabanoni,
1093 2917 1150 2962 uec
1171 2896 1255 2980 ipsos
1277 2895 1417 2958 homines
1434 2915 1471 2957 ea

289 3007 403 3068 ratione
420 3005 586 3090 aliqualiter
604 3005 700 3070 debeo
713 3025 890 3088 aggrauare.
915 3003 953 3070 Ut
970 3011 1066 3070 autem
1077 3005 1134 3068 hec
1150 3009 1216 3068 acta
1232 3003 1324 3068 robur
1340 3003 1473 3068 babeant

291 3113 447 3188 firmitatis,
464 3120 634 3198 presentem
647 3115 775 3179 litteram
788 3136 853 3179 meo
866 3135 901 3180 ac
915 3113 1037 3179 Comitis
1050 3114 1088 3178 de
1099 3115 1231 3182 Hordele
1241 3135 1276 3179 ac
1285 3113 1472 3197 quorundam

289 3224 525 3289 ministerialium
540 3225 589 3308 qui
605 3224 772 3300 intererant
785 3223 901 3307 Sigillis
917 3223 976 3286 feci
990 3223 1109 3286 muniri.
1133 3222 1225 3286 Huius
1239 3223 1288 3286 rei
1303 3225 1401 3286 testes
1417 3222 1472 3294 bii,

290 3334 425 3398 dominus
447 3337 487 3400 H.
507 3336 613 3400 Comes
635 3334 673 3398 de
689 3334 835 3406 Hordelc,
861 3333 996 3398 dominus
1012 3333 1062 3398 Al.
1078 3333 1201 3416 Dapifer
1224 3332 1262 3396 de
1282 3331 1471 3418 Vcltopercb,

293 3443 430 3508 dominus
452 3446 489 3508 R.
505 3444 542 3507 da
562 3442 798 3515 Valebondercb‚
820 3442 955 3506 dominus
974 3443 1009 3507 0.
1028 3442 1066 3505 de
1089 3441 1318 3527 Perbtolodors,
1334 3441 1471 3506 domiuus

296 3554 413 3619 Vlricuo
437 3552 474 3617 da
498 3552 677 3641 Hodapoob‚
699 3552 834 3616 dominus
857 3555 898 3618 Η.
923 3552 960 3616 de
979 3553 1097 3624 Werde,
1122 3551 1257 3615 dominus
1285 3552 1413 3627 Vtricua
1434 3551 1472 3614 da

293 3663 436 3740 coboea,
461 3662 597 3728 dominus
631 3663 751 3729 Vlriouc
778 3663 815 3726 de
842 3662 1018 3746 Pilbildorf
1042 3667 1072 3725 et
1098 3663 1207 3725 fratres
1238 3661 1296 3733 eui,
1334 3661 1472 3726 domiuus

290 3772 467 3860 Metropolim
483 3771 520 3835 do
536 3773 735 3858 Raetelperp‚
761 3772 895 3836 domiuus
919 3773 951 3845 C,
969 3771 1007 3834 dc
1023 3771 1219 3859 Altcnpurcb
1234 3776 1265 3834 et
1287 3770 1401 3834 fratres
1417 3772 1473 3834 sui.

291 3880 400 3944 iratres
431 3882 469 3946 dc
492 3882 693 3955 Summeroao,
724 3881 840 3966 Spboto
860 3880 907 3944 de
938 3880 1088 3968 lacking,
1112 3886 1142 3942 et
1169 3879 1219 3942 alii
1245 3877 1472 3964 quamplures.

292 3990 398 4053 Datum
422 3990 452 4054 in
474 3990 778 4058 Droecbccbirebco.
809 3990 892 4054 Anno
921 3989 1034 4053 domini
1062 3989 1111 4052 M⁰.
1126 3985 1196 4051 00⁰.
1210 3987 1284 4051 LX⁰.
1301 3987 1391 4053 vl110.
1414 4009 1470 4052 m.

292 4097 435 4162 kalendas
458 4099 526 4163 Mai.
552 4099 596 4163 Ne
614 4104 710 4164 autem
727 4120 818 4182 super
831 4098 988 4184 premissis
1004 4099 1033 4160 in
1049 4102 1203 4181 posterum
1216 4095 1337 4182 aliquod
1350 4097 1473 4162 dubium

293 4228 346 4270 seu
367 4207 429 4272 litis
454 4209 604 4273 contentio
625 4208 724 4276 valeat
747 4209 885 4282 suboriri,
910 4211 1067 4292 presentes
1089 4207 1203 4271 litteras
1227 4191 1361 4270 meorum
1387 4209 1473 4290 sigil-

293 4315 387 4379 lorum
411 4319 569 4381 munimine
592 4318 717 4382 fecimus
740 4318 890 4382 roborari.
922 4317 1028 4380 Datum
1052 4316 1082 4379 in
1105 4315 1251 4381 Bioobaro
1276 4335 1332 4399 per
1354 4335 1473 4380 manum

293 4427 427 4510 magistri
447 4429 541 4494 Vlrice‘
559 4427 653 4493 nostri
668 4428 900 4501 Prothonotarii,
925 4427 1009 4489 Anno
1027 4425 1136 4489 domini
1161 4425 1200 4489 M.
1218 4423 1276 4488 CC.
1294 4423 1356 4489 LX.
1375 4421 1471 4490 Vllll‘.

292 4535 336 4598 lll.
350 4535 472 4600 Kalend.
482 4535 626 4610 tannarii,
639 4535 829 4620 presentibus
842 4536 981 4607 testibus,
998 4535 1048 4620 qui
1060 4539 1129 4598 sunt
1141 4534 1193 4596 bii.
1203 4534 1349 4618 Magister
1360 4537 1475 4600 Petrus

292 4641 495 4710 cancellarius
506 4645 601 4729 Regni
613 4647 743 4722 Boemio,
758 4645 908 4733 'Magister
924 4643 1041 4714 Vlricoo
1057 4641 1314 4728 prothonotarius,
1327 4643 1474 4728 Magister
