3122 5096
621 654 769 725 CXXXV.

188 794 337 857 Nouerint
352 795 485 858 uniuersi
503 794 533 856 iu
548 794 668 856 Christo
682 793 788 856 renati.
807 796 935 878 qualiter
948 796 1140 880 Dictpoldua
1151 796 1293 862 marchio

94 901 251 984 delegauit
279 923 413 968 mansum
441 923 529 966 unum
561 902 807 986 Wclcntiedorf
822 904 912 966 situm
936 902 974 965 de
992 903 1110 990 predio
1134 905 1294 970 Baunonia

91 1011 206 1075 militie
233 1012 285 1076 sci
312 1013 368 1098 qni
392 1013 552 1077 nobiccum
577 1018 791 1076 conaerentes.
821 1014 960 1077 secutum
982 1012 1125 1096 feliciter
1151 1013 1291 1101 reliquit.

92 1138 184 1183 manu
201 1140 256 1184 sna
273 1123 304 1183 et
320 1120 415 1204 ipsius
433 1141 468 1184 ac
484 1119 537 1182 filii
554 1121 619 1184 eius
636 1105 829 1207 Elpilaccrdi
844 1141 935 1204 super
951 1119 1046 1183 altare
1063 1120 1085 1183 S
1113 1120 1217 1184 Mario.
1236 1122 1292 1187 deo

92 1229 223 1312 eiusque
245 1229 388 1311 genitrici
410 1229 461 1293 hic
483 1229 698 1292 seruientibus.
729 1229 821 1292 Huius
849 1229 1019 1293 traditionis
1041 1231 1137 1294 testes
1162 1231 1291 1294 fuerunt.

93 1313 269 1402 deorumn
296 1338 336 1402 ee
368 1337 612 1423 meinamma.
643 1337 862 1402 Personarum
888 1338 929 1402 ee
952 1339 1070 1418 uruca
1106 1333 1293 1404 cucurrero

87 1448 199 1527 frater
210 1447 357 1534 predicti
369 1445 574 1511 marchionis.
592 1445 824 1528 Mepindardua
840 1445 927 1510 miles
945 1445 1020 1509 eius.

611 1631 775 1705 OXXXVl.

184 1772 310 1836 Nouerit
326 1773 467 1836 uniuersa
481 1776 585 1836 sancte
599 1771 735 1836 ecclesie
748 1791 905 1856 compago.
924 1773 1002 1857 quod
1015 1773 1143 1856 quedam
1155 1777 1290 1837 matrona

88 1882 150 1946 lilia
170 1859 291 1970 (lyncis
307 1885 366 1947 iam
379 1883 526 1947 defuncti.
545 1883 582 1945 N.
599 1884 760 1949 cererem
773 1884 928 1968 delegauit
940 1905 1032 1968 super
1045 1884 1139 1948 altare
1152 1885 1184 1948 S.
1198 1885 1293 1948 Marie

87 1994 262 2057 ecclesium
279 1995 324 2058 cd
339 1994 442 2056 &oce
458 2013 524 2056 cum
542 1992 613 2056 dote
630 1996 661 2055 et
678 1991 877 2056 decimatione
894 1991 932 2056 ad
948 1993 1044 2076 ipsam
1061 1995 1244 2076 pertinente.
1262 1999 1293 2058 et

87 2123 181 2164 uuam
198 2103 317 2166 uincam
334 2122 401 2166 cum
418 2103 502 2166 111101.
519 2102 678 2184 mancipiis
693 2103 723 2164 iu
738 2123 824 2167 usum
838 2101 983 2166 tratribus
996 2101 1046 2166 hic
1060 2101 1117 2166 deo
1132 2105 1294 2168 seruienti-

86 2211 157 2274 bus.
192 2211 285 2274 lluius
301 2210 471 2274 traditionis
488 2214 583 2274 testes
598 2209 748 2273 habentur
764 2231 819 2292 per
836 2211 980 2274 uocabula
1002 2215 1171 2294 presentes.
1202 2212 1292 2276 Diet-

85 2343 210 2386 marae.
244 2325 275 2384 ct
297 2321 384 2406 filice
413 2320 481 2384 cios
508 2320 704 2384 Dietmcrns.
738 2320 918 2385 Heinrieue.
949 2321 1113 2386 Heriman.
1138 2323 1291 2386 Herrent.

88 2431 256 2494 comunt.
290 2428 570 2492 cocolariam.
597 2426 672 2490 alius
699 2428 892 2492 Dietmcruo.
922 2428 1094 2509 Meneyolt.
1120 2427 1290 2494 Adeldcro.

88 2538 278 2602 Perinkart.
304 2536 487 2600 lnuestitnre
503 2537 659 2601 Dietmer.
684 2536 850 2602 Heinrich.
875 2537 1039 2602 Herimcn.
1066 2546 1068 2549 ’

604 2722 781 2794 CXXXVII.

188 2864 262 2927 Item
279 2863 336 2926 alio
353 2868 491 2956 tempore
508 2862 634 2925 tradidit
650 2863 687 2926 ad
704 2862 832 2926 eundem
849 2861 973 2946 tytulum
991 2861 1107 2925 uincam
1126 2882 1212 2925 unam
1226 2883 1293 2929 cum

92 2971 287 3055 appendiciis
300 2970 336 3034 ad
350 2969 606 3056 Adclqeriapecd
622 2969 736 3056 absque
749 2971 827 3033 omni
839 2969 1081 3034 contradictione
1094 2990 1148 3054 pro
1160 2969 1293 3036 remedio

91 3082 193 3142 anime
212 3100 266 3142 sne
283 3082 501 3163 parentumque
519 3098 648 3142 suorum.
669 3079 760 3142 Huius
774 3078 943 3141 traditionis
955 3083 1049 3141 testes
1062 3079 1112 3142 isti
1124 3099 1180 3161 per
1193 3099 1293 3160 aurem

90 3192 164 3251 sunt
182 3187 318 3251 adtracti.
343 3187 532 3252 Eleleidertue
548 3209 660 3252 comeo.
690 3187 869 3253 Werindert
885 3187 926 3252 de
940 3185 1087 3252 Joloaco.
1112 3186 1236 3273 Sipidot
1258 3187 1298 3251 de

88 3295 245 3361 dorbocd.
269 3295 446 3382 Eupilmer.
475 3295 618 3379 Wolsleer.
645 3296 723 3381 Offe.

599 3479 793 3552 cxxxvul.

170 3621 249 3688 ,Sed
268 3625 299 3684 et
315 3620 374 3684 hoc
390 3620 535 3683 memorie
560 3619 826 3684 commendandum
843 3618 986 3704 estquod
1004 3618 1132 3704 quedam
1148 3624 1293 3686 matrona.

89 3732 128 3795 N.
149 3730 253 3795 cicino
267 3729 392 3793 tradidit
407 3729 442 3792 ad
461 3729 556 3793 altare
574 3728 607 3792 S.
623 3729 717 3793 Marte
734 3729 881 3812 mancipia
900 3729 1026 3813 quedam
1039 3729 1293 3794 unmineJusilam

91 3845 124 3903 ct
150 3841 237 3902 natos
267 3839 333 3902 eins
360 3841 389 3901 in
418 3838 572 3922 proprium
603 3839 776 3900 seruiclnm.
806 3837 861 3901 suh
894 3837 940 3901 his
963 3837 1104 3900 testibus.
1136 3838 1291 3904 Nendine.

90 3949 252 4014 Dietmcr.
276 3946 464 4034 Ricdprctt.
490 3945 655 4011 Adctderc.
685 3945 833 4010 Wirimv

613 4131 776 4204 CXXXIX.

186 4273 335 4336 Nouerint
362 4273 496 4336 uniuersi
523 4271 700 4335 christiano
720 4269 868 4335 uocabulo
897 4269 1032 4334 decorati
1058 4269 1137 4355 quod
1166 4271 1294 4340 domine

92 4384 256 4449 Matdildc
279 4382 440 4447 comitissa
463 4399 529 4444 cum
551 4399 637 4443 manu
659 4380 727 4465 filie
748 4402 806 4446 aue
829 4380 1003 4445 Lictlrcrde
1025 4377 1180 4462 delegauit
1202 4401 1294 4464 snper

93 4493 193 4556 altare
221 4491 254 4554 S.
285 4489 381 4553 llario
407 4489 543 4572 predium
577 4509 661 4552 suum
695 4488 772 4572 apud
801 4489 997 4572 fliemiadors
1019 4508 1195 4572 possessum
1216 4499 1293 4554 'eum

94 4599 266 4684 mancipiis.
293 4602 324 4662 et
339 4603 402 4662 tres
419 4617 539 4662 mansus
557 4598 594 4661 ad
614 4599 746 4663 Tieeicc.
773 4599 803 4662 et
819 4598 892 4662 duas
909 4598 1013 4662 uineas
1030 4599 1107 4681 apud
1125 4599 1293 4667 Iedenowc

1042 4706 1077 4752 3*
