3074 5094
276 375 354 446 334

274 547 366 601 Zweti.
405 545 503 618 (Siebe
530 545 732 617 Stittuogsbucb
755 545 843 598 dieses
862 545 904 598 Kt.
923 544 1023 600 Fontes
1040 546 1103 600 Rer.
1119 546 1211 600 Austr.
1228 546 1261 600 11.
1279 545 1366 598 nutu.
1388 543 1429 596 iil.
1443 541 1468 594 B.

274 637 303 690 S.
311 637 479 692 462-464.
502 667 531 675 -
554 634 654 699 Cbmel,
673 635 952 690 Geschichtsiorscber
970 636 989 688 1.
1011 635 1091 690 baud.
1112 637 1141 690 S.
1156 637 1218 691 554.
1239 636 1272 690 11.
1291 637 1323 688 Β.
1346 634 1376 687 S.
1398 632 1437 702 o.)

346 725 379 798 2)
399 727 543 796 Stratzing‚
562 727 682 780 Pforrort
701 726 826 780 oborbatb
845 725 948 778 Krems.

821 911 917 982 LXV.

275 1065 351 1124 1446.
371 1067 413 1124 25.
427 1066 501 1124 tunt.
519 1066 624 1138 mons,
643 1065 682 1124 tor
699 1065 790 1125 bouso
809 1066 859 1124 rior
877 1049 1130 1124 4444414444.-
1150 1063 1272 1128 lrnfrieo,
1294 1064 1471 1118 stadtrishtn

275 1158 300 1208 in
319 1157 420 1217 brema
447 1161 540 1210 snmmt
558 1156 606 1208 der
630 1155 821 1223 Biirgerscbait
849 1155 875 1207 iu
901 1155 975 1208 Steiu
996 1156 1127 1208 erkennen
1153 1154 1206 1206 und
1232 1155 1393 1222 bestatigen
1418 1153 1471 1204 donn

273 1247 342 1299 Abte
362 1246 483 1300 Heinrich
503 1263 552 1300 von
566 1246 701 1316 Gottweig
718 1245 770 1298 und
792 1245 860 1298 alien
880 1246 971 1298 seinen
983 1245 1164 1314 Nachfolgeru
1183 1244 1231 1298 dos
1247 1245 1349 1305 Recht,
1361 1243 1471 1314 jebrlieb

272 1336 308 1390 20
327 1337 416 1389 Fuder
435 1337 511 1389 Wein
536 1337 570 1388 im
591 1336 732 1388 Stittsbofo
756 1353 788 1388 zu
808 1335 883 1388 Stein
902 1335 1092 1406 pionnigweise
1117 1335 1170 1388 und
1189 1352 1222 1387 zu
1240 1335 1405 1404 pbetiebiger
1423 1332 1474 1386 Zoit

273 1425 503 1488 auszusehenkem
534 1424 655 1495 zugtoiob
684 1425 805 1478 orkiuron
835 1426 875 1478 sie
906 1441 964 1478 vom
983 1426 1111 1494 besagten
1142 1425 1209 1477 Hofo
1228 1425 1365 1477 keineriei
1385 1423 1475 1475 Steucr

272 1513 404 1568 iernerbin
422 1515 530 1569 sordem
550 1533 581 1568 au
601 1517 709 1577 wolton,
735 1532 826 1568 ausser
845 1516 878 1568 im
897 1515 1030 1568 Notbtolie
1060 1533 1107 1569 zur
1126 1515 1414 1583 Wiederborsteiloog
1430 1513 1473 1568 der

782 1605 961 1660 Stndtmauor.

802 1706 937 1765 [Original.]

364 1842 430 1922 Ego
452 1841 613 1925 irnsro'duo
635 1840 726 1904 iudex
743 1841 774 1902 in
799 1840 929 1905 Obrems
955 1847 985 1904 et
1007 1841 1190 1904 uniuersitas
1214 1839 1337 1904 Cinium
1363 1841 1474 1904 iurato-
1505 1871 1507 1878 ·

273 1969 337 2012 rum
350 1949 490 2020 inStain,
501 1949 650 2012 uniuersis
663 1949 854 2031 presencium
870 1948 1035 2012 litterarum
1052 1948 1278 2031 inspectoribus
1293 1948 1472 2030 profitemur

274 2057 353 2139 quod
380 2057 516 2118 dominus
539 2057 712 2122 Heinriouo
739 2056 921 2119 venerabilis
950 2055 1043 2119 abbas
1073 2055 1213 2120 Ecclesie
1247 2053 1473 2118 Cbotwicensis

275 2165 399 2248 eiusque
417 2184 612 2228 successores
629 2166 660 2226 in
676 2169 851 2247 perpetuum
869 2185 906 2228 ex
921 2165 1042 2248 antiquo
1060 2165 1139 2240 lure,
1157 2164 1239 2249 quod
1264 2165 1345 2246 ipsis
1371 2169 1404 2227 et
1427 2181 1474 2225 suo

275 2273 457 2352 monasterio
472 2273 718 2355 recognoscimus
731 2273 861 2336 unanimi
874 2293 1034 2345 consensu,
1057 2276 1088 2335 et
1104 2270 1181 2335 bona
1198 2272 1360 2336 voluntate
1378 2276 1476 2334 nostra

275 2383 403 2444 omnium
427 2381 603 2453 accedente,
631 2379 742 2444 habeut
759 2387 789 2444 et
811 2379 963 2444 habebunt
980 2381 1100 2462 plenam
1122 2385 1309 2463 potestatem
1329 2377 1476 2444 vendendi

273 2489 379 2570 viginti
396 2495 525 2553 curatos
535 2485 562 2573 ¹)
585 2488 645 2550 vini
661 2508 717 2574 per
734 2489 904 2552 denariatas
921 2487 1057 2570 singulas
1072 2487 1100 2574 ²)
1123 2489 1155 2550 in
1176 2508 1233 2551 sua
1251 2485 1349 2552 Curia
1366 2489 1425 2551 sita
1446 2485 1473 2548 iu

273 2598 367 2662 Stoice
385 2598 464 2660 omni
482 2617 569 2666 anno,
595 2598 842 2681 quandocumque
858 2598 932 2680 ipsis
949 2598 1102 2660 videbitur
1118 2605 1316 2679 oportunum.
1360 2595 1473 2660 Nullam

276 2707 400 2788 insuper
416 2706 537 2788 penitus
557 2706 697 2768 Stcuram
719 2705 756 2767 ab
779 2706 854 2788 ipsis
876 2708 1062 2787 inposterum
1092 2703 1131 2766 de
1154 2705 1371 2787 prenominata
1391 2704 1472 2767 Curia

273 2814 477 2896 requirentes,
495 2813 551 2874 nisi
579 2831 686 2893 magua
707 2817 738 2876 et
757 2811 910 2894 generatis
942 2814 1110 2874 necessitas
1136 2813 1174 2874 ad
1204 2816 1285 2875 muri
1311 2813 1471 2877 confirma-

273 2919 389 2984 cionem
406 2941 460 3001 pro
484 2921 634 2982 eomruuui
654 2919 783 2982 utilitate
800 2920 857 2983 hoc
882 2920 1055 3002 expostulet
1072 2926 1102 2983 et
1120 2921 1276 3002 requirat;
1294 2929 1373 2985 tuno
1392 2921 1472 3004 quio·

272 3028 344 3112 quid
361 3029 545 3090 uniuersitas
564 3047 619 3110 pro
640 3028 716 3090 muri
731 3028 957 3092 restauracione
974 3026 1002 3112 ³)
1029 3029 1148 3098 iecerit,
1172 3029 1354 3093 innumero
1377 3048 1474 3093 couru-

273 3137 373 3198 nitatis
390 3135 553 3198 secundum
567 3136 789 3198 estimacionem
808 3135 934 3198 aliarum
954 3136 1108 3198 domorum
1131 3137 1199 3218 ipse
1219 3135 1366 3200 dominus
1388 3137 1473 3200 obbas

273 3243 366 3306 saciet
381 3243 419 3306 de
437 3240 526 3304 Curia
543 3248 711 3324 prenotata.
748 3245 795 3306 Ne
819 3245 914 3324 igitur
939 3263 1031 3326 super
1047 3245 1167 3328 prefato
1183 3244 1253 3307 lure
1271 3245 1303 3306 in
1322 3253 1474 3328 posterum
1518 3309 1520 3332 3

273 3349 370 3434 aliqua
389 3350 570 3432 ambiguitas
583 3350 683 3413 vaieat
699 3353 830 3414 suboriri
847 3357 1005 3435 presentes
1023 3352 1100 3434 ipsis
1118 3351 1222 3416 damus
1237 3352 1363 3418 litteras
1377 3359 1472 3417 nostro

275 3457 376 3538 sigilio
410 3459 560 3540 personali
590 3465 621 3522 et
648 3460 748 3541 sigillo
778 3459 914 3525 Civitatis
940 3460 969 3521 in
999 3460 1084 3521 Stain
1109 3460 1275 3523 munimine
1306 3463 1473 3526 roboratas.
1517 3451 1519 3532 ξ

276 3565 386 3628 Testes
411 3565 496 3628 buius
524 3566 569 3628 rei
594 3571 672 3629 sunt.
727 3567 872 3631 Dominus
895 3568 1052 3632 Rinoldus
1083 3569 1222 3630 Decauus
1248 3566 1473 3634 Cbremsensis.

275 3671 419 3734 Dominus
447 3673 620 3758 Pilpra‘rnuo
648 3674 685 3736 de
719 3676 860 3760 Capella,
900 3673 1041 3739 Ecclesie
1072 3676 1262 3740 Patavieosis
1291 3675 1472 3742 Caoooious.

276 3778 418 3842 Dominus
440 3780 625 3846 Wiobordus
647 3783 837 3848 Heuslariuo
860 3782 1007 3866 plebanus
1032 3783 1062 3846 in
1085 3787 1264 3868 Holbteton.
1290 3787 1474 3852 14444Μί44-

278 3885 426 3948 steriaies.
467 3888 611 3950 Dominus
641 3890 825 3974 Stephanus
852 3893 889 3952 de
917 3891 1075 3961 Misoowc,
1100 3891 1314 3956 Marsobalous
1346 3897 1471 3958 Austris.

276 3991 419 4055 Dominus
444 3991 563 4058 Wrious
584 3995 622 4056 de
647 3998 789 4083 Capella.
821 3999 964 4060 Dominus
984 3999 1055 4062 Otto
1078 4001 1116 4062 de
1142 4001 1286 4087 Celbinp.
1322 4004 1473 4091 Vutfinpuo

276 4098 421 4162 Heusler.
447 4102 517 4166 Otto
534 4101 571 4164 de
593 4104 804 4168 Wildenoter‘n.
821 4107 1038 4192 Morqoordus
1054 4106 1150 4170 frater
1173 4129 1256 4171 suus.
1281 4111 1363 4174 Item
1390 4113 1472 4176 Ciues

279 4201 316 4263 do
330 4203 466 4270 Chrems.
484 4209 628 4272 Dominus
643 4213 735 4275 Gozo.
753 4215 856 4278 Rodio
870 4215 1008 4297 antiquus
1028 4215 1127 4277 ludex.
1149 4217 1384 4284 Licbmonnus.
1407 4221 1473 4284 urs·-

279 4328 333 4371 ous
348 4309 425 4373 fitius
443 4334 524 4376 suus.
550 4315 738 4381 Wolobonuo
761 4320 790 4381 in
811 4321 886 4383 toro.
909 4322 982 4384 Item
999 4319 1091 4384 Ciues
1108 4323 1139 4385 in
1157 4323 1256 4386 Staio.
1286 4328 1472 4416 Leopoulos.

278 4412 394 4487 Siboto,
408 4420 634 4486 fratresdomini
644 4427 786 4490 Goeonis.
802 4428 1146 4494 Heinrioosseoelder.
1162 4431 1365 4502 Cbunradus
1374 4439 1471 4501 Durat.

281 4520 468 4590 Cbunrodus
483 4528 598 4613 bilpcr.
621 4534 784 4618 Hilperuo.
811 4536 1045 4602 Cbotomunnus
1066 4543 1097 4600 et
1124 4539 1278 4606 Arsdreas
1302 4545 1427 4618 iratres.
1447 4553 1471 4606 et
