3122 5096
1260 425 1281 494 3

83 597 164 662 loco.
182 597 239 662 aad
255 602 287 662 et
302 600 391 662 aliam
407 618 496 682 quarn
506 597 662 662 Adalbalrn
680 597 763 662 dedit
777 597 900 661 ibidem.
918 599 949 659 et
964 598 1081 662 uincam
1098 611 1186 681 quana
1202 616 1285 661 com-

83 708 259 789 parabimus
276 727 344 771 curn
362 708 510 771 communi
526 708 672 790 peccunia
689 707 721 769 in
737 706 845 770 eodem
861 705 939 768 loco.
965 707 1104 788 episcopi
1120 705 1238 769 scilicet
1255 709 1286 768 et

85 817 200 877 nostra.
220 816 419 899 etd'irnidiarn
436 820 552 899 partera
570 817 722 878 uinearum
741 815 872 897 predicti
888 813 1033 878 antiatitie
1049 813 1089 876 ad
1102 814 1285 902 winzinpic.

178 921 224 986 Ad
243 924 378 988 Talaria
393 923 494 987 villam
509 927 601 986 totam
619 943 685 988 curn
702 923 800 986 uineis
860 945 863 948 ·

180 1029 322 1095 Predium
340 1031 376 1096 ad
387 1032 522 1118 praeoni.
540 1055 541 1058 ¹
749 1036 751 1040 ’

180 1136 324 1202 Prediurn
341 1139 379 1202 ad
395 1139 515 1204 octrici.

180 1244 352 1310 Prediolunr
369 1247 532 1310 Gotcboldi
550 1266 616 1310 curn
632 1249 719 1310 vinea
736 1246 808 1309 una.¹

180 1353 323 1446 Prediunr
339 1355 413 1418 illud
430 1355 584 1418 dimidium
601 1353 639 1417 ad
655 1355 739 1419 obici
753 1358 784 1418 et
799 1355 903 1418 vineae
917 1353 1072 1434 ‘duaecnm
1088 1351 1286 1439 appendiciis.

181 1459 420 1526 Decimationem
436 1483 473 1527 aa
483 1462 685 1552 frowindorf
693 1483 761 1526 curn
776 1481 881 1526 manso
897 1481 968 1526 unc.

181 1570 418 1635 Decimationem
435 1571 473 1636 ad
488 1553 589 1639 micro.

181 1678 421 1744 Decimationern
438 1682 477 1747 ad
496 1682 700 1769 Ticmirtdorf
712 1686 742 1744 et
756 1681 916 1765 winidors.

182 1786 420 1852 Decimationern
437 1789 474 1852 ad
491 1791 664 1855 Peraelclcc.

182 1895 421 1960 Decimationern
439 1899 476 1961 ad
494 1901 643 1964 Romuolt
643 1899 763 1963 icbacb.

184 2003 423 2068 Decimationem
440 2008 594 2098 vinearum
612 2008 649 2070 ad
666 1991 781 2072 lidbiao
798 2008 829 2068 et
845 2003 882 2068 ad
898 2003 1072 2071 Obrcmiaa

108 2155 116 2159 -
182 2111 421 2178 Decimationem
438 2115 477 2178 ad
494 2091 603 2180 Cbctai
619 2136 684 2178 curn
702 2120 807 2178 maneo
823 2133 903 2178 ano.-
1043 2120 1045 2126 '

183 2219 423 2284 Decimationem
440 2221 479 2285 ad
497 2222 736 2287 Gomaraccldi
751 2241 819 2284 curn
834 2220 933 2283 tribus
949 2220 1072 2284 mansis.

183 2327 424 2392 Decimationem
441 2329 479 2393 ad
495 2329 725 2414 Strenciedcrf
734 2349 801 2392 cum
816 2348 918 2393 maneo
935 2348 1005 2392 uno.

183 2435 423 2500 Docimationenr
440 2439 477 2502 ad
492 2439 639 2502 Pieloba.

185 2543 422 2608 Decimationern
440 2547 595 2610 vinearum
612 2546 649 2609 ad
670 2545 857 2610 boccctctirc.

186 2651 423 2718 Decimationem
439 2655 478 2718 ad
497 2679 522 2720 c.
540 2657 764 2724 Pctrcncllam.

185 2762 424 2828 Decimationem
440 2763 522 2828 illam
538 2785 626 2848 quam
641 2757 801 2829 Adaldcro
818 2762 968 2846 presbiter
983 2762 1175 2846 procidebat.

185 2870 360 2938 Adolonem
377 2891 444 2936 curn
460 2893 565 2937 maneo
582 2893 651 2936 uno.

185 2981 433 3067 Eupilnmnmrm
449 2999 516 3044 curn
534 2999 637 3044 manso
655 2999 725 3042 uno.

186 3089 369 3153 Pcnoonem
396 3087 463 3180 enni
493 3109 586 3153 uxore
610 3093 641 3152 et
665 3087 734 3150 filiis
756 3087 819 3150 auis
845 3107 911 3150 cum
933 3091 993 3148 tota
1018 3085 1069 3150 illa
1093 3085 1292 3170 decimatione

87 3214 186 3281 quam
202 3195 346 3278 prouidit.

186 3303 302 3367 Nouale
319 3305 470 3392 Siqifrn'di
485 3311 516 3368 et
533 3306 611 3390 quod
628 3305 728 3370 Hcieo
745 3324 918 3388 possessum
935 3303 1034 3366 habet

189 3411 368 3476 Oblationes
384 3414 422 3476 de
438 3414 615 3479 eccleciae.
632 3413 787 3478 Micbacl
774 3436 805 3478 cc
820 3415 865 3478 acl
878 3413 991 3477 deine

188 3520 280 3583 Prata
295 3521 346 3584 illa
363 3521 400 3584 ad
420 3522 564 3586 Trciaim.
583 3526 613 3584 et
631 3519 723 3582 rnolas
740 3521 825 3582 duas.

189 3628 235 3690 Ad
253 3630 451 3706 Quombcrcb
468 3630 573 3693 uineas
591 3648 657 3693 curn
673 3649 776 3692 manso
794 3649 852 3691 uno
869 3628 906 3690 ad
923 3627 977 3690 has
994 3627 1175 3712 pertinente.

188 3737 236 3800 Ad
252 3739 451 3822 Porzimlors
465 3737 550 3801 duas.
1152 3813 1154 3818 Ι

190 3845 237 3908 Ad
253 3845 601 3930 lmiciciodoasvineam
619 3865 687 3910 curn
704 3845 891 3930 appendiciis
909 3846 982 3909 suis.
1089 3895 1092 3898 .
1111 3883 1113 3887 ,
1167 3847 1168 3850 ’

189 3953 236 4016 td
252 3955 547 4020 Ricbcricercbeaie
561 3955 660 4017 uinea.
743 3945 745 3950 ⁸
780 3939 783 3944 ⁴
860 3939 863 3946 ’

190 4061 236 4125 Ad
252 4061 518 4146 Staudrotiadorf
526 4081 660 4125 maneam
676 4081 779 4126 mum.-

190 4171 235 4233 nd
253 4171 448 4235 Zciziomuri
463 4172 581 4252 augiam
598 4171 626 4233 in
645 4171 784 4234 danubio.

190 4278 237 4341 Ad
253 4279 416 4343 Icinucrtc
432 4279 538 4343 decem
555 4299 677 4343 mansus
695 4278 826 4360 regales.

189 4385 236 4449 ad
254 4387 393 4452 Cbomba
410 4387 484 4450 duas
500 4388 615 4451 vineas.

190 4493 237 4558 bd
254 4495 487 4582 Cbrcnpilbeeb
503 4515 638 4558 mansum
655 4515 743 4558 unum
760 4515 827 4560 cam
844 4495 1033 4578 appendiciis
1050 4497 1125 4560 suis.

189 4603 238 4666 bd
253 4603 344 4668 Riuti
359 4603 539 4666 dominicale
556 4623 645 4666 unurn
662 4623 728 4666 curn
746 4603 934 4686 appendiciis
951 4604 1025 4666 sule.

1043 4724 1079 4778 11
