3094 5094
1218 327 1268 403 87

77 515 287 603 Cbrculiupa‘ra
303 535 395 599 super
412 512 507 580 altare
523 511 556 594 S.
575 509 669 574 Maria
686 511 716 574 in
731 508 869 574 Kotwico
882 506 1046 592 delegauit.
1064 526 1119 590 pro
1135 503 1270 569 remedio

75 623 172 686 anime
187 643 243 689 sue
259 622 290 684 in
307 622 481 686 memoriam
496 619 564 686 uiri
576 619 629 684 aui
643 617 694 702 qui
717 621 813 680 morte
836 617 993 679 immatura
1017 615 1145 678 obierat.
1177 614 1271 676 Facta

75 738 142 796 sunt
164 733 222 796 ista
246 751 400 796 consensu
422 735 454 794 et
478 731 582 794 lauare
598 727 716 793 Perlote
735 727 848 792 matria
869 732 900 790 et
917 725 1081 792 Cbuurudi
1101 723 1218 808 fratria
1240 731 1272 790 et

74 841 218 908 Alloer'dia
239 841 359 907 sororia
382 839 523 904 eiusdem
543 837 691 904 Heinricr'
711 835 800 898 Xllll.
824 835 859 898 K.
885 833 953 898 lari.
974 834 1051 898 feria
1072 835 1119 899 Vl.
1142 839 1271 919 quatuor

73 953 241 1032 temporum
263 949 343 1012 infra
364 948 525 1012 aduentum
547 946 670 1010 domini.
708 944 878 1008 indictione
899 943 946 1006 XI.
970 943 1005 1008 ira
1028 943 1081 1007 die
1106 945 1270 1030 sepulture

74 1059 213 1124 eiwdm
233 1057 390 1125 Heinricr'.
422 1057 507 1120 Anno
531 1051 745 1120 incarnationis
771 1051 973 1116 dominiMill.
992 1049 1270 1136 cu.v111.inpre-

75 1168 170 1233 sentia
186 1167 309 1234 domr'ua‘
327 1165 471 1234 llbeilr'ui
482 1163 605 1230 abbatia
621 1161 676 1227 sub
693 1159 863 1226 testimonio
881 1159 1120 1243 subscriptorum
1136 1163 1269 1226 testium.

73 1275 269 1341 llenbcrdua
292 1275 332 1340 de
358 1273 573 1356 Ymeeirratorpi
601 1272 672 1337 Otto
697 1271 737 1333 cle
752 1267 946 1356 Aurenberp.
971 1267 1118 1334 eilbertus
1141 1271 1181 1334 de
1201 1271 1270 1336 Wo-

73 1384 220 1472 cbr'rrpen.
247 1384 319 1449 Otto
346 1383 386 1446 de
406 1381 541 1446 Huaeliu
567 1384 598 1442 ct
615 1383 722 1464 frater
746 1379 814 1444 eius
839 1379 1035 1444 Obunrodua.
1065 1381 1270 1447 ,Hermonassa

70 1492 229 1578 flumicb.
255 1491 445 1556 Obunradua
460 1477 627 1578 locupulil.
651 1489 840 1556 cuonradus
855 1488 895 1552 de
909 1490 1028 1554 Huaen.
1041 1489 1214 1555 Heinricua
1229 1490 1271 1554 de

78 1601 299 1668 Vorcbuuelde.
322 1601 417 1687 Eppo
433 1599 474 1663 de
491 1597 695 1664 Cburlstetr'n.
728 1596 772 1658 De
789 1595 901 1660 familia
915 1596 1076 1662 Meuburd
1089 1599 1128 1662 de
1143 1599 1217 1662 Pclt
1239 1601 1270 1660 et

72 1709 287 1776 Eberburdus.
316 1707 504 1773 Cbunradae
526 1709 617 1772 Zubte
639 1707 679 1772 de
696 1703 874 1788 Gbafbcra.
901 1705 1091 1771 Obunrodua
1109 1707 1215 1772 Wclde
1231 1707 1271 1772 de

72 1819 263 1906 libraperpe.
682 1905 683 1912 ἵ

568 1998 772 2072 CCCXXXV.

159 2139 309 2206 Nouerint
331 2139 438 2206 fideles
462 2138 576 2204 Christi
598 2145 659 2204 tam
680 2143 838 2224 presentes
861 2158 949 2224 quam
970 2139 1074 2205 futuri.
1099 2139 1179 2226 quod
1194 2141 1270 2206 Dit-

71 2273 177 2318 muruo
194 2252 236 2316 de
250 2250 425 2334 wmiudorf.
445 2249 578 2314 ecclesie
594 2247 797 2312 Kotwicensis
821 2247 952 2312 uillicus.
974 2249 1113 2330 predium
1138 2249 1270 2314 suumin

71 2381 306 2448 auuueuprurarr.
319 2359 399 2443 quod
413 2358 595 2422 hereditario
606 2358 673 2421 iure
685 2361 891 2439 postmortem
905 2359 1058 2424 auunculi
1068 2358 1120 2423 eui
1129 2359 1272 2426 Ditmcri

72 2467 107 2532 ad
123 2489 192 2533 eum
210 2466 382 2538 deuolutum
399 2472 474 2530 erat.
491 2465 571 2550 quod
587 2470 619 2530 et
633 2466 664 2528 in
680 2465 807 2529 concilio
824 2465 924 2532 ducis.
942 2474 1095 2553 presente
1113 2469 1268 2534 aduocato

74 2578 241 2644 charrlo
265 2577 340 2640 iuris
367 2575 415 2640 sui
442 2575 536 2640 luisse
563 2573 708 2656 legitimis
737 2573 987 2638 adtestationibus
1019 2576 1266 2658 conprobauerat.

72 2686 204 2750 ecclesie
215 2685 402 2748 kotwicensi.
420 2689 452 2748 et
463 2683 607 2748 iratribus
619 2683 700 2747 illius
713 2683 845 2748 ecclesie
858 2684 888 2746 in
900 2685 1115 2767 proprietatem
1132 2684 1266 2748 tradidit.

72 2795 127 2858 hac
151 2794 343 2860 condicione.
372 2797 405 2857 ut
428 2793 561 2858 ecclesia
587 2792 635 2856 ius
660 2793 853 2875 proprietatis
876 2796 1042 2878 possideat.
1069 2797 1100 2856 et
1122 2793 1187 2878 filit
1200 2795 1269 2858 eiua

70 2904 140 2970 duo.
156 2905 324 2970 Ditraurus
339 2909 372 2966 et
386 2903 550 2986 Pitrolfuo.
568 2900 623 2966 suh
641 2902 761 2964 nomine
778 2899 910 2964 ecclesie
925 2899 955 2961 in
971 2899 1061 2966 feudo
1078 2902 1217 2966 habeant.
1236 2908 1268 2968 et

71 3013 220 3076 annuatim
244 3016 308 3076 tres
332 3011 447 3076 solidos
470 3012 588 3074 ratione
610 3010 766 3093 pensionis
791 3009 975 3093 persoluent.
1008 3009 1070 3075 Hoc
1091 3011 1268 3076 factumest

71 3141 144 3186 anno
169 3121 323 3186 dominice
343 3121 568 3184 incarnationis.
593 3119 772 3183 Millessimo
795 3117 931 3183 ccxvi
954 3126 1097 3204 presente
1118 3123 1266 3188 ll'ear'lirao

72 3231 181 3296 abbate
203 3229 341 3313 pluribus
363 3229 555 3313 presentibus
578 3233 609 3292 et
629 3227 769 3292 testibus.
795 3228 971 3294 Gerburdo.
996 3231 1141 3296 Remeato.
1164 3231 1267 3296 Heiu-

70 3340 144 3404 rico.
161 3336 320 3426 (blatto).
345 3338 501 3419 Ditrrrcro.
525 3337 763 3402 Murcbruurdo.
781 3343 811 3400 et
831 3337 942 3404 birico.

557 3522 778 3594 CCCXXXVI.

157 3664 271 3728 Eorum
299 3681 359 3748 que
386 3662 505 3744 agenda
532 3666 602 3726 sunt
629 3663 712 3728 circa
737 3661 936 3728 ecclesiarum
966 3664 1131 3730 commoda.
1158 3665 1267 3730 intuitu

71 3773 222 3838 mercedis
247 3771 359 3842 diuine.
382 3771 556 3856 principum
578 3770 671 3836 debet
693 3771 843 3836 accedere
871 3771 1039 3855 diligentia.
1065 3777 1098 3838 ut
1120 3775 1181 3836 tam
1196 3794 1263 3858 pre·

71 3882 165 3946 sentia
187 3900 278 3966 quam
301 3880 401 3946 lutura
429 3881 460 3944 in
483 3880 585 3945 debita
609 3879 749 3945 firmitate
773 3880 895 3945 ualeant
910 3901 1099 3965 permanere.
1130 3882 1203 3946 Inde
1220 3883 1268 3948 est

72 3989 148 4072 quod
170 3988 401 4054 uniuersitatem
425 3994 486 4052 tam
508 3990 694 4072 presentium
718 4009 805 4072 quam
826 3990 992 4052 futurorum
1014 3991 1095 4054 scire
1119 3992 1266 4056 uolumus.

71 4097 146 4179 quud
162 4099 262 4164 abbae
276 4097 482 4162 Gotrca'oeraais
498 4097 536 4160 de
553 4098 662 4164 Vtrico-
671 4103 701 4162 et
712 4100 819 4182 fratre
833 4119 889 4164 auo
902 4098 1054 4164 Heinrieo
1069 4101 1110 4164 ele
1123 4101 1268 4186 Obprcb·

72 4206 152 4294 liupo
162 4207 388 4290 queremoniam
401 4206 521 4292 (duci)
535 4209 637 4272 mouit.
655 4207 734 4292 quod
752 4205 902 4272 demente
915 4209 1144 4295 Repeluperpe.
1157 4211 1208 4291 qui
1221 4214 1269 4273 est
1378 4259 1381 4266 ,

72 4317 313 4401 improprietate
341 4316 478 4381 eiusdem
506 4316 637 4382 ecclesie
659 4317 907 4402 ratiocinationes
931 4317 971 4382 de
998 4318 1065 4382 iure
1092 4319 1211 4382 montis.
1236 4320 1267 4382 in

72 4425 269 4509 preiudicium
282 4423 415 4488 ecclesie
428 4445 482 4490 sue
494 4425 628 4490 indebite
640 4425 698 4490 sibi
711 4432 918 4513 usurpassent.
937 4430 967 4490 et
980 4447 1071 4492 eausa
1088 4447 1124 4492 ex
1140 4432 1268 4510 utraque

71 4539 153 4616 parte
178 4533 344 4618 diligenter
366 4554 467 4600 coram
489 4535 575 4601 nobis
599 4539 735 4602 tractata.
759 4537 908 4602 sententia
930 4557 984 4621 pro
1001 4535 1108 4602 abbate
1125 4537 1184 4602 lata
1200 4537 1266 4602 luit.
