3122 5096
597 664 735 736 XXXVI.

157 805 308 870 Nouerint
337 823 440 867 omues
469 800 583 866 Christi
609 802 717 866 fideles
746 777 874 889 qualiter
901 801 1028 887 quedam
1052 805 1197 864 matrona.
1227 797 1264 860 N.

67 914 226 1012 Mattiaco·
242 911 369 976 tradidit
391 931 483 994 super
499 909 595 974 altare
611 912 643 974 S.
661 911 755 974 Marie
772 931 907 975 mansum
928 930 1017 974 unum
1034 909 1114 992 apud
1129 907 1267 973 taediosae

68 1043 135 1087 curn
152 1042 242 1086 manu
259 1020 388 1086 filiorum
404 1037 525 1082 sucrum
541 1019 703 1106 Piliqrimi
718 1024 749 1082 et
764 1019 941 1085 Bertltoldi.

527 1271 530 1278 .
591 1203 744 1274 XXXVII.

158 1344 269 1408 Notum
283 1344 323 1406 sit
336 1344 473 1407 omnibus
486 1340 601 1405 curisti
612 1341 750 1406 fidelibus
763 1343 893 1426 qualiter
903 1341 1033 1425 quidam.
1045 1338 1081 1402 N.
1095 1339 1266 1405 Adolltolm

66 1452 195 1517 tradidit
210 1471 302 1535 super
319 1450 411 1514 altare
428 1449 461 1512 S.
478 1449 573 1513 Maris
590 1449 744 1513 dimidium
761 1470 893 1514 mausum
911 1449 989 1533 apud
1001 1448 1166 1536 piretolei.

583 1635 753 1706 XXXVIII.
828 1653 832 1664 '

161 1777 292 1841 Nouerit
307 1773 489 1837 uniuersitas
507 1771 621 1836 Christi
638 1773 771 1837 fidelium
789 1774 916 1857 qualiter
931 1773 1107 1860 Liopoldoe
1122 1774 1265 1838 morellio

68 1885 197 1950 tradidit
213 1903 305 1968 super
321 1882 415 1945 altare
432 1881 464 1944 S.
482 1881 576 1944 llarie
593 1883 720 1968 ooqiom
736 1883 770 1947 in
785 1882 921 1946 danubio
937 1881 1016 1964 apud
1032 1881 1168 1946 tiecioin.

597 2067 735 2138 XXXIX.

162 2205 313 2270 Nouerint
323 2205 456 2268 uniuersi
469 2210 574 2268 sancte
586 2206 717 2269 ecclesie
734 2205 785 2268 tilii
798 2205 927 2289 qualiter
939 2227 1040 2270 comos
1051 2207 1266 2272 Herimonooa

66 2319 112 2383 de
123 2316 244 2402 Biuqin
260 2335 327 2376 curu
339 2333 428 2376 manu
440 2313 494 2375 filii
508 2313 554 2376 sui
569 2315 748 2378 Gebctordi
758 2313 912 2394 delegauit
927 2315 955 2376 in
973 2334 1091 2378 manum
1108 2315 1269 2378 Dietmori

68 2423 229 2489 cuiusdam
250 2422 365 2486 nobilis
380 2422 447 2484 oiri
470 2421 649 2484 domiuicale
670 2439 758 2488 uuum
784 2422 820 2484 ad
841 2422 1007 2506 flinsbach.
1032 2443 1068 2484 ea
1086 2423 1266 2487 conditione.

66 2539 103 2597 ut
117 2531 217 2596 isdem
232 2531 273 2594 D.
294 2527 472 2616 (ietmarus)
491 2529 647 2612 delegaret
663 2551 755 2614 super
770 2529 866 2593 altare
884 2530 916 2593 S.
934 2529 1041 2592 lllarie.
1059 2549 1113 2614 pro
1130 2530 1265 2594 remedio

68 2640 171 2704 anime
191 2638 383 2704 Gebcloordi.
408 2637 495 2720 Quod
513 2637 610 2700 isdem
625 2639 667 2700 D.
684 2637 828 2722 impleuit.
847 2641 878 2701 et
893 2638 1043 2720 mancipia
1060 2657 1183 2720 quorum
1197 2646 1267 2702 suut

66 2748 203 2812 nomina.
232 2743 356 2828 Egilolf.
380 2745 493 2809 lleimo.
521 2747 549 2807 in
579 2746 734 2829 proprium
757 2746 927 2812 seruiciurn.
958 2750 988 2808 et
1008 2749 1105 2808 testes
1130 2745 1173 2809 hii
1197 2751 1267 2810 sunt
1294 2733 1297 2740 ¹

66 2856 188 2920 adsciti.
213 2854 427 2918 Heotmonuoe
443 2873 554 2917 comes.
572 2857 603 2916 et
615 2855 701 2938 filice
718 2856 785 2919 cios
803 2854 1016 2920 Gebclcordos.
1033 2854 1228 2941 Piliqrimoa.

634 3057 699 3127 XL.

159 3195 309 3260 Nouerint
331 3216 434 3258 omnes
457 3193 569 3258 Christi
594 3193 711 3258 fideles.
737 3196 865 3280 qualiter
890 3197 1018 3280 quidam.
1054 3195 1090 3258 N.
1122 3196 1265 3261 Volclorot

64 3305 182 3370 radidit
198 3325 291 3387 super
308 3304 404 3368 altare
420 3303 452 3366 S.
472 3301 566 3364 llarie
583 3301 737 3366 dimidium
757 3323 889 3368 mansum
907 3304 944 3367 ad
962 3305 1153 3392 Penntnqtn.

624 3505 705 3578 XLI.

159 3643 309 3711 Nouerint
330 3645 431 3711 cuncti
453 3643 586 3709 ecclesie
607 3643 724 3709 fideles.
757 3647 992 3734 quodquidam.
1031 3647 1066 3710 N.
1100 3647 1265 3736 Woaiqrim

64 3753 193 3817 tradidit
214 3755 250 3816 ad
274 3754 368 3818 altare
391 3753 423 3818 S.
448 3753 544 3818 llarie
566 3753 685 3816 uincam
706 3753 744 3818 ad
768 3755 964 3843 Cltomdcrqo
986 3755 1041 3819 sub
1058 3756 1106 3818 his
1122 3754 1263 3818 testibus.

67 3839 226 3927 ductito
243 3866 273 3926 et
287 3861 429 3927 locrus.

622 4009 719 4082 xuu.

159 4149 269 4212 Notum
282 4148 323 4211 sit
335 4149 452 4212 cunctis
465 4151 570 4212 sancte
581 4149 713 4212 ecclesie
727 4147 805 4212 filiis.
820 4150 899 4235 quod
912 4150 1042 4236 quidam.
1061 4147 1096 4213 N.
1109 4150 1264 4215 Anatolm

67 4259 109 4323 do
130 4259 246 4340 primic
266 4256 524 4320 ministerialium
546 4256 741 4320 marchionis
768 4257 890 4322 tradidit
913 4256 1091 4321 dominicale
1116 4258 1264 4342 quoddam

64 4367 207 4453 Ebinqin
222 4367 253 4428 in
269 4383 387 4426 manum
403 4363 563 4442 Dictmori
578 4364 728 4427 cuiusdam
745 4365 859 4430 nobilia
875 4367 948 4431 uiri.
973 4387 1007 4429 ea
1031 4365 1174 4430 uidelicet
1189 4353 1264 4430 cou-

64 4473 189 4538 ditione.
213 4477 362 4558 quatenus
383 4473 450 4555 ipse
478 4493 533 4556 pro
558 4473 605 4536 sui
627 4493 809 4558 suorumque
830 4480 989 4557 parentum
1011 4474 1107 4538 salute
1130 4475 1265 4538 traderet

47 4603 159 4667 ,suuper
190 4581 289 4644 altare
315 4581 349 4643 S.
375 4579 481 4643 llarie.
525 4579 611 4662 Quod
639 4585 670 4644 ct
696 4582 806 4646 factum
835 4587 892 4646 est.
938 4583 976 4646 Et
1002 4586 1034 4646 ut
1056 4581 1115 4646 laec
1142 4582 1264 4648 traditio
