3076 5094
654 1521 678 1590 Ι.

72 1673 151 1733 1083.
172 1674 198 1734 9.
217 1675 384 1748 September.
400 1707 432 1714 —
452 1675 584 1739 Allmann‚
604 1675 711 1728 Bioohol
726 1692 775 1729 von
793 1675 891 1730 Passau
908 1675 960 1728 und
972 1675 1055 1746 Legat
1078 1673 1126 1728 des
1145 1673 1257 1744 apostol.

74 1765 201 1830 Stubles‚
219 1767 292 1820 stelll
304 1767 345 1819 fdr
364 1767 411 1820 das
431 1783 479 1819 von
496 1765 548 1820 ihm
566 1765 727 1836 gegrdndete
745 1767 797 1818 und
817 1767 944 1834 geneilrte
958 1764 1116 1820 Golleshaus
1136 1763 1182 1818 aul
1198 1765 1272 1841 (lem¹

252 1856 416 1928 Gdllweiger
428 1857 513 1928 berge
526 1857 576 1910 den
590 1855 736 1925 Stil'tungs-
748 1855 801 1908 und
813 1856 1021 1912 Delationsbrief
1032 1874 1088 1913 aus.

601 1956 734 2018 [Originum]

167 2093 290 2158 Cunctis
321 2099 424 2159 sancte
452 2097 553 2159 matris
581 2095 713 2158 ecclesie
740 2094 808 2158 liliis
835 2096 1019 2168 innotescat,
1045 2093 1171 2178 qualiter
1198 2111 1255 2174 ego

72 2203 263 2269 Alcumenae
295 2205 343 2268 dci
380 2205 474 2286 gralia
504 2205 683 2288 patauiensis
716 2203 847 2267 ecclesie
879 2203 1036 2287 episeopus
1076 2207 1106 2266 et
1136 2205 1257 2285 aposto·

71 2309 132 2374 lice
176 2312 258 2376 sedis
296 2313 415 2394 legatus
457 2311 556 2376 diuina
591 2313 757 2396 inspirante
789 2311 947 2376 clementia
983 2313 1013 2373 in
1049 2315 1148 2374 monte
1183 2311 1258 2376 Kot-

71 2417 209 2505 wipcnsi
222 2421 433 2484 monasterium
448 2421 478 2483 in
494 2421 606 2490 honore
623 2421 719 2482 sancti
736 2419 784 2483 dci
800 2420 954 2504 genitricis
971 2420 1063 2482 Marie
1081 2423 1256 2482 construens

70 2530 102 2588 et
124 2547 205 2590 anno
229 2527 265 2590 ab
291 2509 495 2593 incarnatione
519 2527 627 2591 domini
644 2528 728 2592 lllill⁰.
746 2529 933 2594 Lxxxallr.
963 2528 1121 2601 dedicans,
1147 2527 1256 2591 tradidi

72 2656 167 2720 super
183 2637 276 2701 altare
293 2659 328 2702 ex
344 2639 488 2703 reditibus
508 2639 584 2702 meis
607 2639 792 2722 parrochias,
809 2639 929 2723 predia,
946 2637 1106 2710 beneficia,
1123 2637 1256 2701 decima-

69 2745 182 2817 tiones,
196 2747 310 2820 uineas,
327 2747 382 2811 sub
399 2749 551 2830 presentia
569 2747 684 2812 comitis
698 2724 843 2814 ddolrici
858 2747 895 2810 de
910 2747 1144 2834 Ratilenpcrpe
1161 2745 1255 2828 ipsius

69 2857 141 2918 tune
175 2854 235 2918 loci
266 2856 420 2926 aduocati,
450 2862 479 2920 et
501 2859 677 2922 Hermanni
703 2857 833 2928 comitis,
865 2856 966 2918 fratris
982 2855 1075 2940 ipsius
1101 2830 1254 2926 (ldalrici,

68 2966 99 3024 et
119 2963 244 3027 aliorum
260 2965 451 3047 plurimorum
468 2965 619 3029 nobilium.
636 2967 720 3050 lpsas
733 2985 804 3030 uero
817 2965 991 3048 parrochias
1004 2963 1146 3027 fratribus
1157 2963 1251 3048 ipsius
1323 3033 1324 3040 χ

67 3070 127 3134 1οοί
142 3072 346 3156 prouidendas
364 3075 498 3139 commisi
515 3080 545 3139 et
557 3075 594 3140 ob
608 3094 692 3158 spem
704 3071 909 3138 retributionis
926 3077 1030 3135 eterne
1046 3070 1252 3136 ecclesiastica

68 3183 249 3246 auctoritate
265 3190 295 3246 et
311 3184 478 3268 episcopali
493 3185 588 3248 banno
606 3182 789 3254 confirmem,
809 3185 840 3244 et
856 3201 894 3243 ne
910 3181 1065 3265 quisquam
1081 3201 1117 3244 ex
1133 3183 1178 3244 eis
1195 3179 1251 3242 ali-

67 3287 141 3370 quid
157 3290 324 3372 infringerc
340 3297 494 3375 presumat
504 3293 553 3356 uel
564 3292 737 3356 imminuere
750 3289 867 3362 audeat,
881 3287 972 3370 sigilli
986 3291 1043 3352 mei
1055 3290 1252 3372 impressione

68 3397 200 3480 signari.
243 3397 305 3462 llec
336 3419 408 3482 ergo
443 3405 512 3464 sunt
544 3401 649 3486 predia
671 3420 729 3484 que
761 3419 819 3481 ego
852 3399 1038 3463 Attendamus
1069 3397 1251 3486 patauicnsis

67 3506 232 3591 episcopus
267 3511 299 3571 et
326 3508 492 3592 apostolice
538 3510 619 3573 sedis
646 3509 762 3590 legatus
793 3507 930 3591 predicto
961 3508 1142 3570 monasterio
1175 3525 1248 3569 con-

68 3613 181 3678 tradidi
210 3618 240 3678 et
269 3617 410 3681 canonica
439 3618 616 3681 auctoritate
644 3621 675 3681 ct
703 3616 796 3700 sigilli
808 3617 867 3680 mei
882 3617 1079 3700 impressione
1096 3615 1125 3677 in
1141 3633 1253 3698 perpe-

68 3725 154 3786 tuum
168 3723 310 3788 stabiliri.
327 3725 517 3790 Parrochiam
533 3727 568 3790 ad
585 3727 724 3792 mutarim
739 3745 805 3790 cum
828 3723 962 3789 omnibus
980 3722 1164 3809 appendiciis
1188 3723 1250 3786 suis

72 3837 202 3915 excepta
222 3838 309 3916 parte
330 3832 535 3898 decimationis
551 3853 609 3918 que
624 3835 754 3918 pertinet
769 3833 806 3898 ad
822 3855 846 3897 s.
864 3832 1039 3916 Nylrolaum.
1072 3831 1164 3894 Huius
1181 3851 1251 3913 par·

69 3941 179 4005 rocbie
205 3942 348 4006 terminus
373 3948 420 4008 est
443 3943 481 4006 dc
506 3943 693 4028 Oblcbidcrf
708 3963 763 4026 per
786 3942 932 4006 directum
948 3942 986 4005 ad
1004 3940 1186 4028 Tiurpidc‘n,
1211 3939 1249 4003 de

67 4050 237 4138 Tiurpc'din
256 4049 293 4114 ad
311 4049 465 4136 defcrin
481 4053 511 4113 in
528 4052 640 4114 fontem
656 4051 730 4115 inibi
747 4056 924 4123 manantem,
941 4050 1011 4114 inde
1027 4053 1112 4112 recta
1128 4049 1176 4111 uia
1193 4067 1249 4130 per

66 4159 266 4246 Epinindorf
285 4160 315 4222 in
329 4159 500 4244 ficedulae,
525 4158 563 4222 de
586 4160 745 4243 daedaleo
774 4180 869 4246 usque
896 4159 1097 4241 Ticmindorfi
1119 4157 1188 4220 inde
1210 4155 1249 4219 ad

65 4265 219 4355 Scoinpin
257 4281 353 4352 usque
387 4268 424 4332 ad
461 4266 561 4331 uillam
588 4267 915 4355 Elbebrebtcspcrcb,
951 4273 981 4331 et
1009 4267 1053 4330 sic
1079 4286 1133 4349 per
1161 4285 1248 4328 unam

67 4382 182 4440 curtem
199 4375 333 4440 eiusdem
348 4375 450 4440 uillulc
465 4395 560 4459 usque
575 4377 764 4442 Kcrlistetin
780 4375 810 4440 in
826 4377 938 4440 fontem
955 4375 1014 4438 illic
1030 4393 1124 4457 propc
1141 4394 1248 4438 ascen-

68 4485 197 4559 dentem,
212 4485 282 4549 inde
294 4506 400 4552 uersus
416 4486 522 4550 siluam
538 4506 632 4570 usque
649 4486 684 4549 ad
700 4485 924 4572 Clrircbpercb,
941 4483 979 4546 de
992 4482 1202 4569 cbircbperpc
1217 4483 1247 4543 in

67 4595 266 4684 popinpaob,
285 4593 323 4658 dc
341 4595 528 4683 popinpacb
552 4596 580 4658 in
593 4595 760 4683 fiailpmcb,
789 4595 826 4658 de
850 4592 999 4680 fisilpccb
1026 4593 1056 4654 in
1079 4591 1246 4678 piperata·
