3094 5094
243 376 318 448 104

239 556 415 619 monasterii
438 554 505 616 loca
525 549 638 615 exstrui
653 554 685 613 et
701 548 836 614 edificari
852 548 934 611 fecit.
968 546 1182 612 Mouasterium
1199 546 1282 608 fossa
1307 549 1339 608 et
1355 563 1438 607 muro

237 662 341 744 priore
365 658 574 725 circumdedit.
607 658 698 722 ldulta
714 658 840 741 insuper
856 655 894 720 ad
911 656 1116 720 defensionem
1132 652 1311 717 Mouasterii
1328 671 1438 716 neces-

239 770 333 843 saria,
358 768 448 834 bellis
471 769 514 833 ita
529 765 766 852 postulantibus,
792 766 987 850 compararit.
1020 764 1101 828 Vixit
1123 762 1217 826 abbas
1242 783 1339 825 annos
1361 759 1438 824 xvi.

241 899 346 942 mense
362 897 432 950 uuo,
448 878 514 941 dies
530 875 606 938 XVl.
629 873 722 946 Obiit,
740 875 795 942 sed
812 875 870 938 ben
887 877 983 938 morte
995 873 1161 951 immatura,
1184 871 1254 934 fatis
1272 872 1314 933 ita
1332 868 1440 932 uolen-

239 986 331 1058 tibus,
348 1007 407 1050 uon
423 987 490 1048 sino
506 983 654 1047 communi
670 983 858 1047 subditorum
872 1001 993 1045 suorum
1010 985 1042 1044 et
1058 981 1164 1044 civium
1179 979 1268 1041 trium
1286 978 1440 1043 civitatum

238 1097 333 1170 luctu,
351 1096 390 1159 de
406 1095 514 1181 quibus
531 1094 626 1158 semel
639 1099 727 1178 atque
744 1095 852 1156 iterum
868 1092 1017 1156 bellorum
1034 1095 1170 1174 tempore
1186 1090 1299 1174 optime
1316 1091 1441 1152 meritus

239 1205 312 1276 fuit,
337 1225 415 1267 anno
433 1225 448 1267 a
466 1209 535 1266 nato
553 1201 674 1265 Christo
693 1201 799 1272 1532,
822 1202 872 1265 die
888 1201 950 1264 llll.
968 1200 1110 1264 octobris.
1195 1245 1199 1252 -

332 1312 407 1376 Huic
423 1316 491 1376 ante
508 1312 588 1375 dicto
600 1311 724 1376 dlutlrie
738 1311 852 1394 presuli
868 1310 907 1374 de
919 1310 1032 1375 Znor'm
1043 1307 1240 1373 Rererendus
1255 1311 1346 1390 pater
1356 1308 1441 1372 Bor·

239 1421 414 1488 tholomeus
446 1415 645 1487 Sobdnlcbcrr
670 1437 727 1502 per
754 1418 933 1482 electionem
961 1416 1099 1480 succedit
1126 1435 1202 1478 anno
1241 1415 1341 1478 1532.
1384 1414 1441 1496 Qui

240 1531 420 1594 adulescens
439 1528 554 1592 Vienue
568 1529 723 1591 Pannonio
739 1527 907 1590 litterarum
925 1526 1097 1606 cognitione
1113 1525 1279 1588 instructus
1297 1523 1366 1595 fuit,
1392 1523 1440 1586 cui

240 1641 352 1708 forma,
376 1636 533 1709 facundia,
559 1637 641 1699 scire
656 1641 792 1719 potestas
814 1636 927 1706 iuerat,
956 1653 1044 1718 quem
1067 1633 1222 1714 multijnge
1248 1633 1387 1716 corporis
1412 1636 1442 1694 et

241 1749 339 1811 anime
349 1745 436 1810 dotes
449 1744 486 1808 ad
495 1745 622 1824 gradum
633 1743 795 1808 sacerdotii
807 1762 984 1826 provexere,
998 1747 1028 1805 et
1041 1742 1157 1806 demum
1171 1741 1300 1805 omnium
1313 1741 1439 1804 fratrum

242 1856 372 1919 unanimi
390 1874 466 1918 roce
482 1854 512 1915 in
529 1851 675 1916 Abbatem
692 1852 821 1916 electus.
849 1852 902 1916 Vir
918 1853 948 1916 iu
964 1851 1072 1916 diuinis
1088 1850 1286 1936 humanisque
1302 1850 1441 1932 negociis

241 1964 420 2034 multiscius,
445 1967 562 2025 acetum
579 1960 694 2025 babens
710 1962 741 2024 in
758 1966 882 2046 pectore
899 1961 1074 2044 clarumque
1089 1963 1205 2024 rectum
1221 1964 1340 2031 tenens,
1359 1979 1441 2022 sum-

241 2073 343 2156 mique
354 2073 438 2152 regis
451 2069 677 2152 antesignanus,
689 2070 719 2131 in
732 2068 898 2132 bumilitate
910 2088 968 2141 non
980 2067 1198 2151 poenitendus;
1212 2071 1340 2150 propter
1353 2085 1440 2149 qnam

241 2179 426 2262 singularem
449 2186 480 2242 et
501 2179 567 2242 Deo
590 2177 710 2262 Optimo
735 2177 863 2242 ldaxinro
887 2183 1043 2261 acceptam
1066 2179 1207 2242 virtutem
1230 2176 1312 2260 apud
1335 2195 1440 2240 omnes

242 2289 381 2352 Austriae
398 2286 552 2360 Prolatos,
576 2287 728 2357 barones,
753 2287 878 2350 Nobiles
902 2307 1008 2351 nomen
1031 2291 1168 2350 eternum
1190 2285 1249 2349 sibi
1272 2286 1394 2369 peperit
1410 2289 1442 2348 et

243 2397 496 2460 immortalitatem
512 2397 559 2459 sui
576 2397 704 2458 nominis
721 2397 853 2478 posteris
868 2396 1000 2478 reliquit.
1023 2395 1131 2459 incidit
1144 2396 1174 2458 in
1191 2415 1227 2459 ea
1242 2401 1378 2478 tempora
1396 2395 1442 2458 uir

243 2525 295 2570 ore
312 2505 407 2589 probo
424 2507 542 2590 piisque
565 2504 698 2570 moribus
722 2503 838 2576 cultus,
862 2505 972 2589 quibus
994 2505 1093 2570 omnia
1114 2507 1199 2587 igne,
1225 2505 1326 2576 ferro,
1352 2503 1441 2577 cede,

243 2615 508 2698 devastationeque
536 2618 566 2677 et
587 2614 680 2678 variis
707 2613 854 2676 bellorum
882 2615 1088 2678 exactionibus
1114 2615 1203 2697 plena
1226 2619 1323 2677 erant.
1356 2615 1442 2676 Auno

242 2723 400 2805 regiminis
429 2723 476 2785 sni
505 2722 536 2786 5.
560 2722 666 2785 aetatis
693 2741 766 2785 vero
790 2722 844 2786 38.
876 2727 907 2785 ct
929 2745 945 2786 a
968 2723 1087 2786 Christo
1115 2730 1185 2786 nato
1212 2723 1311 2786 1537.
1339 2721 1442 2806 quinta

243 2832 360 2894 decima
378 2831 449 2893 blaii
466 2836 546 2894 tanta
563 2835 628 2894 orta
645 2837 693 2896 est
708 2835 891 2914 tempestas,
917 2837 949 2895 ut
963 2835 1039 2896 mire
1056 2831 1270 2913 magnitudinis
1295 2831 1442 2894 decidens

243 2937 359 3020 grando
376 2957 487 3020 pecora
504 2939 595 3002 multa
611 2939 641 3003 in
657 2957 736 3021 pago
753 2939 800 3002 rel
812 2938 893 3008 villa,
911 2960 969 3024 que
985 2938 1083 3003 bach
1100 2940 1219 3011 dicitur,
1235 2945 1267 3003 et
1283 2939 1443 3002 nonnullos

242 3047 378 3111 homines
404 3047 570 3120 interemit,
601 3065 777 3131 omnemque
801 3048 1065 3112 circumlucentem
1089 3049 1197 3114 montis
1221 3046 1441 3112 Gottwicensis

244 3176 327 3220 oram
343 3155 514 3218 deuastanit
529 3161 560 3218 et
575 3155 720 3220 radicitus
738 3156 861 3228 delerit,
878 3157 1027 3240 incipiens
1042 3158 1079 3222 ab
1094 3157 1168 3220 bora
1185 3157 1246 3220 diei
1262 3157 1355 3220 tertia
1372 3161 1442 3240 post

243 3264 418 3336 meridiem,
444 3264 555 3328 durans
581 3264 729 3348 usquead
747 3271 882 3348 quartam
905 3268 1053 3330 continuis
1069 3267 1227 3342 tonitruis,
1257 3265 1441 3348 fulgoribus,

243 3372 500 3456 grandinibusque
516 3391 640 3455 operam
657 3371 730 3436 dans
747 3379 778 3436 et
793 3373 946 3438 insistens.
968 3374 1011 3437 Ita
1027 3371 1206 3438 blandribfrli
1222 3394 1307 3438 more
1323 3374 1444 3456 egregii

244 3480 486 3544 Archimandrite
502 3501 552 3543 res
570 3485 795 3552 successerunt,
819 3482 954 3564 quamvis
969 3482 1000 3544 in
1017 3482 1096 3546 omni
1114 3502 1201 3565 qnam
1217 3482 1345 3565 pertulit
1362 3482 1443 3546 cari-

245 3592 319 3661 stia,
345 3589 568 3661 neccessitate,
593 3589 801 3661 tribulatione,
826 3590 916 3654 multa
933 3611 992 3677 que
1008 3592 1245 3674 predecessores
1264 3592 1443 3663 conflarunt,

246 3698 418 3764 dissolverit
435 3696 547 3770 debita,
564 3699 682 3766 fortune
697 3697 809 3762 ictibus
822 3699 977 3782 expositus
988 3699 1088 3764 Abbas
1103 3721 1160 3784 per
1176 3699 1317 3765 effectum
1333 3699 1444 3786 ubique

245 3828 320 3890 erga
336 3807 553 3871 ldonasterium
570 3806 701 3890 probans
718 3827 802 3872 suam
818 3806 1003 3871 fidelitatem.
1035 3808 1124 3873 Varia
1140 3810 1219 3872 enirn
1242 3813 1273 3872 et
1291 3811 1444 3874 ameniora

245 3918 313 3981 loca
329 3914 475 3978 Coeuobii
491 3917 604 3979 exstrui
620 3919 710 3998 atquo
726 3913 861 3978 edilicari
877 3921 981 3978 exacte
998 3917 1081 3990 fecit,
1098 3919 1204 3980 turrim
1218 3917 1376 3989 videlicet,
1390 3938 1445 4002 per

247 4044 335 4109 quam
363 4024 422 4086 iter
449 4022 630 4088 intrantibus
649 4026 818 4106 prestatur,
843 4024 1067 4110 sacrariumque
1090 4025 1169 4110 qnod
1190 4030 1221 4088 et
1239 4025 1444 4109 pulcherrimo

247 4131 404 4196 decorauit
420 4135 541 4203 ornatu,
565 4129 784 4194 bibliothecam
801 4132 926 4214 insuper
941 4134 1075 4196 construi
1090 4108 1182 4204 fecit,
1206 4135 1237 4196 in
1253 4133 1444 4198 xenodochio

247 4243 374 4304 fratrum
401 4238 617 4323 hypocaustum
646 4237 811 4310 edificauit,
840 4241 1062 4325 cisternamque
1090 4240 1152 4304 fodi
1175 4242 1332 4324 permisit.
1362 4247 1394 4304 et
1417 4242 1446 4305 id

247 4369 344 4431 genus
361 4348 452 4411 multa
468 4352 499 4411 et
514 4346 551 4410 ad
569 4347 775 4410 defensionem
792 4348 968 4414 Mouasterii
990 4351 1162 4414 necessaria
1179 4349 1269 4414 bellis
1287 4357 1319 4412 et
1336 4370 1448 4414 neces-

248 4454 388 4520 sitatibus
405 4456 446 4518 ita
458 4454 690 4539 postulantibus,
708 4458 902 4540 comparavit.
927 4457 1007 4521 Vixit
1023 4455 1124 4520 bbbas
1141 4478 1234 4522 annos
1246 4458 1275 4520 9.
1300 4457 1405 4524 Cessit
1418 4462 1448 4524 in

248 4565 311 4626 fata
320 4582 396 4626 anno
408 4559 504 4627 1541.
514 4583 632 4628 merore
645 4564 785 4637 omnium,
798 4569 859 4628 tam
870 4564 1069 4640 subditorum,
1082 4587 1170 4651 quarn
1181 4567 1271 4630 trium
1281 4569 1447 4634 civitatum.
