3122 5096
1217 395 1328 511 cr

75 613 111 675 cle
136 611 319 698 lantepero.
352 593 508 677 Heinrich
531 613 571 677 cle
592 613 799 680 Scoindcrclr.
831 614 987 679 Adaldcro
1016 615 1056 678 cle
1080 614 1265 679 Griecdaclo.

77 719 182 804 aliique
198 741 287 804 quam
304 720 409 804 plures
427 722 536 784 milites
560 743 594 786 ac
611 722 824 786 ministeriales
842 725 898 787 sui.
923 723 1056 808 itemque
1079 725 1109 784 et
1123 723 1266 788 morellio

76 827 205 892 reddidit
233 829 378 913 episcopo
406 829 437 892 in
464 829 784 913 presenuradnooati
810 830 977 897 aldelberti
1003 837 1033 894 et
1061 831 1267 916 predictorum

76 937 196 1000 militum
221 957 353 1000 suorum.
378 937 441 1000 Sed
464 943 527 1002 etr
625 960 679 1023 1rus
703 939 829 1003 eandem
850 938 1080 1004 decimationem
1102 942 1268 1004 transmisit

76 1045 105 1109 S.
129 1046 226 1109 llarie
248 1049 280 1108 et
303 1046 447 1110 fratribus
470 1047 548 1112 illis
621 1047 741 1111 entibus
762 1069 819 1132 per
841 1067 959 1111 manum
982 1046 1094 1110 domini
1115 1048 1267 1135 liupoldi

72 1155 193 1242 prioris
209 1155 260 1238 qui
277 1174 333 1238 pro
350 1155 455 1219 eadem
473 1151 563 1219 causa
605 1161 701 1222 metus
718 1163 766 1221 est
781 1155 945 1240 legatione.
964 1155 1022 1220 Pro
1038 1155 1175 1239 predicta
1189 1174 1264 1238 ergo

76 1264 272 1328 decimatione
295 1263 406 1328 fratres
427 1286 483 1348 per
505 1284 622 1329 manum
640 1265 774 1330 eiusdem
791 1265 884 1348 legati
907 1264 1107 1329 reddiderunt
1123 1266 1267 1349 episeopo

75 1393 204 1437 mausum
227 1393 316 1434 uuum
341 1372 418 1455 apud
435 1373 587 1462 ullinqin.
614 1378 644 1437 et
660 1373 813 1438 dimidium
836 1373 873 1437 ad
891 1375 1036 1439 Elearec.
1060 1373 1139 1456 quod
1162 1394 1266 1437 rursus

75 1480 204 1545 marchio
227 1482 364 1564 suscepit
387 1483 416 1544 in
440 1480 632 1546 heneficium.
658 1482 850 1546 Postmodum
874 1503 946 1546 uero
968 1481 1089 1566 publiea
1106 1481 1266 1545 donatione

72 1589 194 1652 tradidit
211 1587 247 1651 ad
266 1588 360 1652 altare
377 1589 409 1652 S.
428 1589 534 1654 ltlarie.
560 1591 626 1654 istis
644 1612 699 1674 per
716 1611 817 1655 aurem
833 1593 864 1654 in
880 1590 1080 1654 testimonium
1099 1591 1266 1657 conductis.

74 1699 243 1764 Bureloort·
258 1698 432 1766 Hortwielo.
452 1701 524 1762 item
536 1698 614 1763 alius
627 1701 795 1766 Hortwiclr
808 1703 839 1764 et
847 1703 953 1784 frater
966 1699 1035 1764 eico
1049 1699 1131 1763 Otto.
1148 1695 1273 1782 rodolf

73 1808 112 1872 de
126 1809 232 1895 derqe.

617 1941 726 2013 CXCI.

162 2080 354 2145 Contradidit
366 2083 449 2147 Man
458 2083 628 2171 episcopua
640 2081 696 2146 sul)
709 2081 823 2145 eisdem
832 2081 961 2146 testibus
974 2083 1012 2145 ad
1024 2083 1118 2144 altare
1130 2081 1163 2144 S.
1173 2081 1268 2146 llario

74 2209 174 2272 agrum
201 2210 290 2253 unum
317 2190 354 2253 ad
376 2190 569 2256 luntialreim
591 2211 646 2274 pro
669 2189 728 2255 alio
745 2212 818 2276 agro
841 2195 868 2255 in
887 2192 1022 2256 eiusdem
1040 2192 1110 2256 uille
1127 2191 1266 2256 confinio.

74 2299 214 2364 Tradidit
237 2301 328 2363 etiam
350 2299 455 2363 siluam
481 2321 569 2364 unam
600 2303 630 2364 in
654 2299 785 2364 confinio
811 2301 984 2385 prediorum
1007 2301 1052 2365 St.
1078 2301 1268 2390 Stephaniet

73 2409 268 2475 marchionis
292 2409 449 2474 cracina·
475 2409 511 2474 ad
539 2429 672 2472 mansum
704 2429 793 2472 unum
826 2413 968 2494 quantum
1000 2408 1172 2492 prepositus
1204 2409 1268 2471 eius

75 2520 311 2585 Kurlomonncs
327 2520 358 2581 et
372 2517 467 2582 frater
483 2520 548 2582 eius
565 2522 668 2584 Peneo
685 2525 716 2582 et
734 2518 844 2584 ll'iezil
858 2517 1069 2581 ministeriales
1082 2517 1128 2580 sui
1145 2515 1269 2580 demon-

73 2634 225 2694 strassent
240 2629 278 2693 ad
295 2628 423 2694 eundem
438 2628 574 2712 tytulum.
593 2649 648 2712 pro
666 2627 788 2694 dimidio
806 2648 908 2692 manso
929 2626 967 2690 ad
983 2626 1275 2714 heimpreltisdors

73 2737 217 2804 tratribus
234 2738 265 2801 in
282 2758 378 2803 usum.

610 2871 732 2942 CXCII.

162 2994 313 3058 Nouerint
325 2995 504 3058 uniuersalis
516 2995 648 3058 ecclesie
660 2992 724 3056 filii.
739 2992 870 3076 qualiter
882 2991 1054 3056 Heinrieue
1062 2987 1269 3075 frisinqeocr‘s

74 3104 206 3170 eccles-ie
226 3103 396 3189 episeopus
417 3101 543 3165 tradidit
566 3101 749 3164 hereditaria
771 3102 923 3182 potestate
946 3098 982 3162 ad
1007 3097 1102 3160 altare
1123 3097 1155 3160 S.
1173 3093 1269 3158 Mario

73 3212 228 3276 dimidium
246 3233 379 3276 mansum
396 3211 475 3296 apud
492 3210 756 3276 Ilamcoldisboelr
772 3229 828 3291 pro
840 3207 972 3285 remedio
984 3207 1082 3270 anime
1093 3227 1158 3269 sue.
1176 3205 1268 3266 Huius

71 3321 115 3386 rei
131 3327 230 3386 testes
255 3321 306 3384 isti
322 3340 378 3404 per
394 3340 497 3383 aurem
514 3323 583 3382 sunt
600 3319 739 3382 adtracti.
767 3317 885 3382 Waldo.
912 3316 1080 3381 Wlilrolm.
1101 3291 1265 3380 ddolrdelr.

74 3432 218 3497 Welant.
243 3429 408 3495 Hcrtinclr.
431 3428 568 3516 stqifrir.
601 3428 680 3492 Otto.
703 3425 866 3513 Enyilycr.

601 3611 737 3684 uxclll.

162 3741 274 3805 Notum
290 3739 330 3802 sit
346 3735 484 3800 omnibus
500 3736 531 3798 in
549 3733 669 3798 Christo
687 3734 799 3797 renatis
816 3733 894 3818 quod
910 3733 963 3797 cir
973 3731 1088 3795 nobilio
1100 3728 1269 3795 Elolro‘ricco

72 3853 111 3917 dc
126 3847 282 3934 adalferio
297 3844 424 3910 tradidit
442 3845 479 3908 ad
497 3842 591 3907 altare
609 3843 641 3906 S.
659 3843 753 3908 lilarie
769 3841 906 3926 predium
923 3860 1012 3904 unum
1026 3839 1062 3901 ad
1076 3839 1267 3904 Zaelcclros-

73 3963 166 4049 clyto
192 3979 249 4042 pro
272 3955 435 4020 dilectione
453 3955 518 4040 filii
538 3954 591 4019 oui
604 3952 758 4018 Elrlririci.
782 3972 872 4040 quem
894 3951 1002 4016 eodem
1023 3949 1059 4014 di
1080 3949 1138 4014 deo
1156 3949 1268 4014 obtolit

73 4071 106 4134 in
128 4067 323 4133 monasterio
350 4065 556 4129 edocendum.
589 4061 683 4126 Huius
705 4060 875 4125 traditionis
899 4064 994 4123 testes
1015 4064 1094 4122 sunt.
1135 4058 1270 4142 Wolllccr

69 4178 176 4261 frater
200 4175 339 4241 circadae
360 4173 513 4238 Elltrici.
539 4177 568 4234 et
586 4171 673 4256 filiolo
695 4171 763 4236 eico
778 4170 953 4235 Hodomor.
977 4168 1074 4234 Ister.
1103 4167 1173 4230 item
1191 4167 1267 4230 alius

72 4283 417 4354 Hodomor.'Wcltlrer.
437 4284 508 4348 Oce.

605 4412 741 4484 cxciv.

165 4538 314 4603 Nouerint
331 4535 414 4624 (sic)
432 4538 572 4601 uniuersa
589 4533 737 4599 catholice
748 4533 846 4616 plebis
860 4532 990 4596 ecclesia
1003 4533 1082 4618 quod
1094 4533 1141 4595 uir
1153 4531 1267 4595 nobilis

74 4649 282 4715 deletarum
298 4649 338 4713 de
353 4645 609 4735 Adolycriepaclo
632 4642 784 4727 delegauit
806 4641 843 4704 ad
865 4639 958 4704 altare
981 4640 1012 4704 S.
1031 4640 1125 4704 llario
1147 4638 1265 4702 uincam
