3122 5096
173 773 327 840 Nouerint
348 773 483 837 uniuersi
507 777 611 836 sancte
634 771 767 836 ecclesie
788 772 853 837 filii.
877 772 1005 858 qualiter
1021 771 1141 856 quidam
1164 772 1281 834 nomine

81 886 191 948 Lnnnc
216 890 325 966 rogatu
349 881 512 966 patrissui
535 879 721 946 Adnlhulrni
746 879 869 943 tradidit
896 900 988 964 super
1016 881 1108 944 altare
1130 880 1162 942 S.
1186 878 1282 942 Marie

80 992 264 1056 heneficium
292 1012 378 1055 suum
402 990 440 1052 ad
466 989 673 1072 Lannindorf.
704 993 734 1051 et
760 989 908 1072 mancipia
941 987 1052 1050 XXIIII.
1079 988 1164 1051 cuius
1193 1007 1281 1050 soror

80 1101 201 1162 nomine
229 1099 382 1164 Adclheit
407 1098 540 1160 tradidit.
571 1095 606 1157 V.
632 1095 779 1179 mancipia
807 1115 900 1178 super
925 1095 1006 1158 idern
1035 1097 1130 1160 altare
1154 1095 1210 1158 sub
1233 1094 1280 1157 his

77 1208 222 1270 testibus.
245 1209 357 1273 Wilrer.
381 1207 581 1292 Meqinwart.
608 1205 765 1268 Gndraho.
791 1180 955 1269 ddalrtoh.
977 1204 1148 1271 Adalhulnr
1181 1205 1278 1268 Iluro.

81 1317 163 1399 Cris.
197 1315 366 1379 Heinrich.
405 1315 589 1400 Reginhcto.
621 1311 733 1376 Anilie.
770 1311 888 1376 Snell0.
921 1312 1090 1377 Pernhcrt.
1125 1311 1278 1376 Chunilie.

80 1424 228 1488 Grrnnna
246 1422 412 1487 Heinrich.

636 1541 731 1614 XVII.

167 1683 301 1747 Nouerit
317 1683 500 1746 uniuersitas
513 1681 600 1745 deum
615 1682 778 1746 colentium
791 1681 1002 1766 quodquidam
1019 1683 1137 1746 nomine
1152 1681 1276 1768 Meqin-

78 1793 153 1858 hart
180 1792 311 1856 tradidIt
338 1811 430 1874 super
455 1792 550 1855 altare
572 1789 605 1852 S.
630 1789 726 1852 llarie
750 1782 1037 1854 beneficium'suum
1062 1811 1117 1873 pro
1141 1789 1275 1854 remedia

78 1901 176 1963 anime
199 1901 303 1963 uxoris
328 1920 383 1963 sue
408 1904 438 1962 et
460 1898 512 1962 lilii
536 1898 600 1961 eius
615 1943 758 1961 .......
775 1898 998 1962 vineamunam
1017 1920 1082 1963 cum
1100 1899 1275 1962 iurnalibus.

75 2007 193 2070 XVIIII.
212 2011 331 2089 pratum
357 2013 388 2070 et
403 2007 561 2088 mancipia.
578 2006 627 2068 IIII
631 2052 843 2070 ..........
866 2007 993 2070 testibus
1012 2009 1079 2070 istis
1096 2028 1152 2091 per
1173 2027 1274 2068 aurem

77 2115 233 2180 adtractis.
265 2114 458 2180 llhrinhere.
488 2091 653 2180 (ldalrieh.
684 2116 873 2180 hadamar..
896 2116 1097 2202 lingilprcht.
1133 2115 1273 2180 Manilio.

79 2225 210 2312 aninc.
228 2223 391 2311 Richpolt.
408 2222 575 2288 Heinrich.
595 2223 676 2307 Grif.
698 2224 839 2288 Tohilnn.

624 2407 733 2479 XVIII.

163 2546 294 2611 Nouerit
310 2549 439 2610 omniurn
457 2535 570 2610 Christi
586 2547 719 2611 fidelium
736 2553 795 2610 tam
813 2567 940 2630 presens
959 2553 1024 2612 etas
1043 2567 1130 2633 quarn
1147 2567 1271 2610 succes-

76 2676 143 2720 sura
164 2656 342 2740 posteritas.
373 2655 501 2738 quaIIter
526 2655 644 2739 quidam
671 2655 780 2719 nobilis
801 2657 919 2719 nomine
947 2657 1101 2722 irmindic
1128 2653 1272 2718 adhibitis

75 2763 212 2827 testibus.
236 2765 365 2850 qurnt.
383 2760 509 2847 thclf.
527 2763 640 2850 higino.
666 2763 782 2846 legauit
801 2765 832 2826 in
856 2785 972 2827 manum
989 2766 1144 2830 cuiusdam
1160 2761 1271 2826 nobiIis

75 2871 130 2935 uiri
145 2873 325 2959 liupotonis
341 2872 457 2934 uincam
474 2891 560 2934 uuam
578 2874 614 2935 ad
631 2873 914 2960 Eqinindorflcum
938 2873 1126 2956 appendiciis
1143 2872 1215 2935 suis.
1235 2891 1270 2933 ea

8 2979 12 2984 '
55 2982 261 3058 conditione.
292 2985 323 3044 ut
350 2979 428 3042 idem
456 2981 582 3065 Bapcto
611 2981 736 3044 eandem
765 2981 882 3047 uincam
910 2981 1028 3063 legaret
1055 3003 1149 3064 super
1177 2982 1270 3043 altare

76 3089 107 3151 S.
131 3089 238 3153 Maris.
272 3089 359 3170 Quod
384 3096 413 3150 et
437 3089 546 3150 Iactum
571 3093 627 3152 est.
661 3089 754 3153 Huius
783 3091 943 3168 legati0nis
968 3095 1064 3154 testes
1088 3111 1144 3174 per
1168 3110 1270 3152 aurern

74 3195 199 3260 adtracti
228 3201 307 3259 sunt.
345 3196 530 3261 irminhart.
561 3197 681 3262 Ceinno.
710 3198 848 3283 Linpolt.
878 3199 992 3262 Birria.
1021 3201 1128 3264 Irince.
1156 3199 1268 3263 Richc.

74 3305 180 3378 Ariho,
200 3305 266 3370 Ino.

632 3427 713 3498 XIX.

161 3563 274 3627 Notum
291 3565 331 3629 sit
347 3566 483 3630 omnibus
501 3564 614 3630 Christi
631 3565 781 3630 fidelibus.
800 3565 929 3652 qualiter
946 3568 1066 3651 quidam
1083 3566 1192 3631 nobilis
1209 3568 1266 3634 uir.

73 3670 107 3734 N.
129 3673 301 3760 Wolftrigil
314 3672 472 3736 liberalem
489 3693 622 3737 mansura
639 3674 755 3756 legauit
770 3675 800 3738 in
819 3697 936 3740 manum
951 3677 1119 3742 Adnlherti
1134 3678 1265 3742 comitis.

74 3797 108 3842 ea
135 3782 320 3846 condilione.
348 3785 381 3845 ut
408 3783 489 3844 idem
517 3803 618 3846 comes
646 3805 699 3866 pro
729 3784 863 3848 remedio
892 3786 987 3868 ipsius
1011 3790 1042 3848 et
1071 3787 1171 3850 uxoris
1201 3786 1266 3848 eius

73 3888 249 3954 Adnlheide
271 3911 363 3973 super
391 3890 486 3953 altare
514 3891 547 3956 S.
570 3891 665 3955 hiarie
692 3892 860 3973 delegaret.
877 3871 979 3976 'Quod
1008 3898 1038 3956 ct
1065 3895 1176 3958 facturn
1206 3901 1263 3960 est.

74 3997 164 4062 Hrius
187 4001 349 4083 legationis
371 4005 465 4064 testes
491 4021 548 4084 per
571 4022 673 4064 aurem
695 4004 822 4066 adtracti
841 4009 919 4068 sunt.
947 4006 1082 4091 Reputo.
1109 4005 1263 4070 Dicimur.

74 4107 237 4174 Heinrich.
255 4109 436 4196 Iicqinpolt.
453 4108 590 4175 haruin.
607 4109 763 4176 Dietrieh.

632 4293 698 4365 XX.

159 4431 308 4503 Nouerint
331 4451 434 4497 amnes
457 4432 571 4498 Christi
593 4434 710 4500 fideles.
736 4436 864 4520 qualiter
880 4439 998 4521 quidam
1016 4441 1134 4504 nornine
1158 4442 1263 4506 Riwin

73 4536 185 4620 legauit
212 4561 304 4625 super
332 4542 426 4608 altare
454 4544 487 4610 S.
510 4545 605 4610 Marie
638 4547 676 4610 ad
703 4549 847 4632 nnndorf
880 4548 995 4614 curiale
1023 4571 1121 4622 unum.
1167 4555 1259 4620 Huius
