3094 5094
278 413 329 485 98

275 591 473 654 Peroncnnco
485 593 515 652 et
524 589 610 674 filice
622 589 690 653 eiua
705 589 826 654 Wrint.
843 588 1069 654 decimanona.
1085 582 1255 674 Ripertos.
1272 585 1472 652 Adeldertea.

277 675 457 766 diotrico.
496 699 571 761 Acta
601 702 672 761 sunt
701 702 799 762 autern
830 697 888 760 hec
915 715 992 758 anno
1024 695 1061 758 ah
1088 695 1293 759 incarnatione
1321 695 1473 760 dominica

275 805 429 872 hcnvl.
447 806 610 871 indictione
627 806 662 868 V.
680 811 829 888 regnante
845 805 1043 870 inuictissimo
1058 803 1213 868 Friderico
1229 824 1349 868 cesare.

756 990 978 1064 CCCLXXlV.

366 1133 481 1196 Eodem
505 1133 594 1196 etiam
617 1153 692 1196 anno
720 1132 801 1196 idem
822 1133 893 1197 doc
914 1131 1085 1197 Heinriooa
1110 1129 1263 1210 delegauit
1288 1131 1472 1212 gotwicensi

275 1241 409 1307 ecclesie
431 1263 524 1326 super
548 1242 644 1304 attare
660 1241 693 1304 S.
712 1241 808 1305 hiarie
823 1242 977 1305 hichinann
1001 1245 1032 1304 et
1048 1240 1239 1304 Benediotem
1261 1259 1298 1303 eo
1320 1239 1392 1303 iure
1415 1260 1470 1324 qno

274 1351 302 1414 ei
319 1352 507 1415 decerniture
525 1355 619 1414 crant.
652 1349 688 1411 Et
705 1350 775 1413 huic
790 1351 838 1412 rei
855 1349 1063 1413 testificentur.
1086 1349 1290 1436 Eraqildertoo
1305 1351 1471 1438 ethereae

274 1465 304 1522 ct
316 1461 403 1545 filiun
419 1459 485 1524 ciue
503 1457 716 1524 Gedehordoa.
742 1459 906 1524 Liutoidua
929 1479 1038 1523 comeo.
1069 1454 1218 1523 totototo
1239 1458 1280 1522 cie
1304 1458 1468 1523 chlamme.

278 1569 504 1633 Werinhordoa
525 1569 564 1632 de
575 1569 786 1646 Laneendorf.
803 1567 1009 1632 Diethmoruo
1021 1567 1061 1631 de
1072 1563 1277 1632 dorrinbooh.
1301 1568 1470 1656 Wiycndua

274 1676 315 1740 de
329 1677 483 1764 accinyin.
511 1677 582 1740 Otto
597 1677 637 1740 de
652 1676 837 1764 rechperye.
862 1677 1045 1763 liupoldus.

768 1861 974 1933 CCCLXXV.

362 2001 508 2064 Nouerint
525 2019 627 2064 ornnes
644 1999 759 2063 Christi
777 2002 919 2066 cultores.
938 2003 1067 2085 qualiter
1079 2001 1198 2086 quidam
1212 2001 1310 2064 homo.
1325 2001 1363 2064 N.
1373 2003 1470 2066 Edici-

273 2110 393 2174 horduo
408 2111 448 2174 de
461 2111 569 2174 timue
580 2107 733 2190 delegauit
749 2130 841 2194 super
857 2110 951 2173 altare
965 2111 998 2174 S.
1012 2109 1107 2173 Marte
1121 2129 1207 2172 unam
1221 2111 1339 2173 uincam
1353 2112 1469 2194 (oden-

269 2217 421 2307 promoe)
449 2239 504 2301 pro
532 2217 665 2281 remedio
694 2218 792 2280 anime
819 2240 872 2282 suc
898 2224 967 2303 post
989 2217 1101 2282 obitum
1123 2237 1209 2281 auum
1233 2219 1299 2284 siue
1321 2221 1468 2300 coniugis.

271 2327 413 2391 adhibitis
431 2327 489 2389 hiis
505 2326 645 2390 testibus.
671 2301 852 2392 citatrices.
871 2328 997 2428 'Heimo
1025 2327 1220 2392 Adelhertoc.
1246 2328 1369 2394 Eroiet.
1395 2331 1469 2395 orr-

271 2437 380 2503 wioua.
405 2435 600 2501 Frideoicoa.
625 2435 810 2523 Siyifridca.

762 2623 983 2694 ccccxxvi

364 2762 426 2825 Sed
441 2763 533 2825 etiam
546 2762 675 2846 quidam.
689 2761 726 2826 N.
739 2763 940 2827 Hademoroe
952 2761 1108 2844 delegauit
1121 2781 1212 2845 super
1225 2761 1321 2826 altare
1334 2763 1366 2826 S.
1377 2765 1471 2827 Mario

274 2870 403 2957 quedam
430 2871 578 2954 mancipia
606 2872 642 2935 ad
672 2891 796 2936 consum
818 2871 853 2935 V.
876 2870 1077 2934 denariorum.
1116 2870 1178 2934 Hec
1207 2873 1327 2935 nomina
1357 2894 1469 2938 corum.

274 2979 483 3062 Menegoldus.
516 2979 685 3044 Heinricus.
711 2980 814 3042 'Prota
839 2978 995 3043 Germuth.

755 3165 991 3238 ccccxxvii.
1057 3215 1060 3220 ·

364 3307 493 3371 Nouerit
510 3307 642 3369 uniuersi
659 3325 745 3369 sacro
763 3304 875 3369 Christi
892 3305 974 3369 fonte
995 3308 1093 3370 renati
1116 3306 1245 3391 qualiter
1261 3308 1471 3396 Chuniqondo

276 3417 317 3481 de
336 3415 477 3481 Wiochel
492 3435 616 3478 unacum
632 3414 704 3478 niro
720 3435 776 3478 aco
793 3416 946 3502 Poppone
962 3414 1045 3478 dedit
1067 3416 1099 3477 in
1121 3437 1192 3480 usus
1214 3416 1340 3480 fratrum
1363 3419 1470 3498 gotwi-

276 3525 375 3588 censis
404 3522 524 3586 cenohii
551 3524 670 3605 pariter·
686 3520 737 3607 (i)
761 3521 834 3585 duas
863 3523 966 3586 uineas
995 3543 1062 3587 cum
1090 3525 1279 3606 appendiciis
1308 3545 1413 3590 carum
1436 3525 1471 3588 ad

277 3631 507 3699 dracchirohcn
524 3651 579 3715 pro
596 3629 729 3694 remedio
746 3630 844 3694 anime
859 3633 972 3696 matria
988 3655 1043 3697 ane
1055 3635 1226 3699 Benedicte
1241 3642 1322 3720 opat
1337 3657 1396 3700 oon
1412 3637 1471 3700 iam

277 3744 401 3830 sepulte
417 3743 525 3809 eodem
541 3740 603 3804 die.
638 3739 729 3803 Cuius
746 3742 792 3804 rei
808 3743 904 3804 testea
921 3743 1099 3804 exstiterunt
1114 3738 1259 3808 derich
1283 3745 1325 3808 de
1341 3765 1469 3832 capara.

277 3831 387 3938 Poppo
414 3853 453 3916 cte
480 3849 623 3916 winchel.
657 3850 861 3914 Hemonaoo
887 3851 927 3913 de
952 3852 1051 3914 aeolo.
1083 3853 1247 3936 liudolfus.
1285 3853 1469 3919 Dictwimra.

281 3960 437 4025 Gerhoch.
478 3959 686 4024 Wernhordoo
709 3959 750 4022 de
773 3959 953 4023 wideaneld.
974 3955 1156 4047 Rcidiqeroe
1177 3962 1218 4025 de
1244 3963 1360 4047 respic.
1393 3964 1471 4028 Cho·

278 4068 414 4134 dethoch
443 4073 474 4132 et
497 4070 686 4134 Horrendus
713 4070 753 4131 de
776 4067 921 4132 Noliodc.
953 4069 1080 4133 Hector.
1109 4071 1211 4136 anh.
1245 4071 1469 4154 Wolfrcmmca.

279 4178 489 4265 Iieyinbertoo
515 4179 556 4241 de
582 4177 765 4265 eqindoroh.
798 4177 906 4239 Postea
934 4176 1097 4240 adueniens
1129 4180 1248 4244 Orttieb
1272 4182 1383 4263 frater
1409 4181 1472 4244 eiua

278 4285 467 4349 traditionem
497 4287 591 4368 ipsam
620 4305 721 4348 coram
745 4286 870 4350 domino
897 4307 953 4350 ooo
974 4287 1121 4352 Lictotdo
1146 4289 1257 4353 comite
1285 4289 1473 4352 confirmauit

280 4393 423 4458 adhibitis
452 4393 549 4458 denuo
577 4394 635 4457 hiis
657 4393 798 4457 testibus.
827 4395 993 4460 Lictoldoa
1015 4415 1116 4460 comeo
1139 4403 1169 4460 ct
1192 4398 1280 4482 filice
1307 4398 1376 4462 eius
1399 4398 1472 4463 hio-

280 4505 392 4569 toldoa.
430 4499 581 4568 Walchaio
608 4504 648 4567 de
675 4503 865 4589 oiqinaconc.
903 4503 1085 4587 Wolflccrua.
1114 4507 1239 4591 Bcpoto
1266 4507 1308 4570 de
1334 4506 1472 4572 erldoch.

281 4613 445 4700 Meyioyoe
468 4619 498 4673 et
515 4612 688 4696 diepoldus
710 4612 936 4676 ministeriales
952 4614 1202 4700 salzeboryenaio
1217 4617 1360 4680 ecclesie.
1386 4616 1473 4681 Diet-
