3076 5094
734 385 754 435 ⁴
1190 399 1266 470 239

155 575 220 628 [lass
242 575 285 628 die
308 576 537 631 mutbmusslicben
557 575 681 644 Angebat
701 575 757 629 Joe.
777 573 906 636 blcritz's,
931 573 957 626 in
979 572 1027 626 der
1044 573 1203 628 Gcechiehtc
1222 573 1269 627 der

89 664 182 718 Grotea
194 683 243 720 von
256 665 408 729 Formbcch‚
427 666 454 719 S.
468 667 503 722 93
516 685 541 720 ιι.
554 684 575 720 e.
588 665 608 718 f.
622 667 687 718 tiber
701 681 793 718 ansere
806 663 868 717 Liu
879 667 891 718 t
901 665 917 716 k
927 681 941 717 a
951 663 990 721 rd
1011 664 1136 719 domnam
1149 665 1208 718 sehr
1222 665 1269 718 der

86 753 270 826 Berichtigong
281 756 417 819 bettrico,
438 757 527 810 warde
540 757 640 810 beccila
654 755 778 810 erwthnt.
799 756 857 824 (Νι.
870 753 1014 823 CXXXIX.)

153 845 340 916 Nachtrtgliah
353 847 455 901 schelto
468 846 510 900 ich
530 849 588 902 hier
606 847 758 920 fulgentes,
777 845 883 900 bierber
895 845 1047 915 beziiglichc
1060 847 1207 901 Documont
1219 846 1270 907 oio,

86 935 130 990 dee
147 937 189 991 ich
206 939 313 1008 autillig
333 939 360 992 in
378 939 461 994 oinom
483 939 508 991 in
528 954 638 992 unsarai·
658 937 882 990 Stittebibliothok
901 936 1084 990 verbandenen
1104 937 1157 990 uod
1175 953 1268 990 auver-

86 1027 163 1096 lissig
185 1026 212 1081 in
238 1029 372 1099 thtweig
400 1029 605 1099 geschriebcnen
629 1027 898 1096 Pergamum-Codex
925 1027 971 1080 dos
996 1026 1049 1080 xli.
1077 1027 1268 1081 lahrhunderts

86 1115 173 1188 (Siga.
190 1117 236 1172 98.
253 1149 290 1160 -
308 1119 450 1175 Truentus
469 1120 514 1174 Sc.
537 1119 665 1173 Ambrosii
690 1117 814 1189 Episcopi
834 1118 867 1171 de
883 1117 998 1180 Officiis,
1017 1117 1074 1170 libr.
1092 1117 1141 1190 111)
1159 1117 1206 1172 auf
1222 1117 1269 1170 der

87 1207 256 1263 lordorecite
280 1211 328 1264 dee
350 1197 439 1265 ersten
458 1211 557 1264 blattas
579 1209 748 1280 eingetmgcn
771 1207 842 1262 fano.
866 1208 908 1261 Ee
933 1201 1024 1278 acigl
1047 1225 1120 1271 one,
1142 1208 1269 1262 welche

86 1298 192 1352 iliter
217 1298 486 1356 Grchdolricb
511 1319 572 1354 von
596 1301 805 1370 Ratelnbcrg
832 1299 884 1352 bei
911 1299 1027 1352 rainer
1045 1299 1270 1368 Vermihlung

85 1389 147 1442 mit
174 1390 362 1446 bathildem
390 1391 596 1460 (tono-1080)
626 1391 808 1446 dersolbca
835 1388 1078 1444 verschricbea
1106 1390 1188 1453 hat,
1216 1388 1269 1442 und

84 1479 181 1534 lootet:

154 1570 298 1627 Nouerint
310 1589 405 1627 omnee
417 1572 448 1626 in
461 1571 511 1624 Χω
523 1569 628 1644 fideles.
643 1571 766 1642 qualiter
785 1587 896 1626 comer
914 1569 1162 1626 Oudulricue
1175 1567 1270 1622 omnia

83 1661 154 1716 bonu
165 1679 230 1717 aaa.
243 1661 348 1736 predia
360 1679 424 1717 cum
441 1661 593 1734 mancipiis
616 1661 693 1716 culto
711 1664 738 1714 et
755 1661 872 1716 inculta.
896 1677 951 1733 que
971 1661 1030 1733 ipae
1049 1665 1118 1715 tunc
1135 1659 1270 1730 temporie

83 1751 145 1807 iure
166 1753 343 1808 hereditario
359 1751 519 1824 possidebat
536 1756 564 1808 et
583 1768 635 1824 que
652 1751 705 1806 eibi
722 1755 819 1825 postea
836 1771 855 1806 a
866 1752 1031 1826 parentibus
1043 1751 1074 1806 in
1085 1749 1270 1805 hereditatem

82 1843 239 1914 peruenire
254 1843 407 1899 debuerant
425 1843 535 1899 idoneis
555 1841 776 1898 subintroductis
794 1842 909 1898 tectibue
930 1843 967 1896 M
971 1841 1076 1896 utbil
1087 1840 1107 1894 d
1115 1857 1130 1894 e
1148 1841 1271 1895 uuori

81 1952 148 1990 eue
166 1936 273 2008 absque
295 1935 372 1990 omni
393 1934 616 1990 contradictione
634 1935 667 1989 in
685 1933 836 2006 proprium
855 1933 961 2004 lepuuit
972 1935 999 1987 et
1009 1929 1079 2004 filiii
1092 1947 1189 1986 eorum
1202 1945 1270 2003 quoe

80 2030 277 2096 procrearent.
295 2027 321 2082 ei
332 2029 427 2080 autem
437 2025 511 2098 filios
523 2041 579 2080 non
590 2025 730 2079 baberent.
749 2028 777 2078 et
788 2024 815 2078 ci
832 2023 884 2078 illa
901 2022 1104 2098 superuiuerit.
1122 2037 1208 2094 euper
1227 2022 1271 2077 bie

81 2115 160 2171 borrie
170 2115 334 2188 poeeidendi
344 2117 392 2171 ael
404 2116 545 2188 quodlibet
555 2115 685 2188 faciendi
696 2113 813 2168 liberam
826 2114 957 2189 deincepe
969 2117 1134 2188 potestatem
1146 2113 1267 2168 baberet.

82 2208 194 2262 Horum
206 2225 273 2278 erpo
292 2209 427 2263 bonor-mn
445 2223 554 2262 mmma
573 2207 640 2280 fait.
659 2205 917 2262 babinworta
935 2223 1000 2260 cnm
1021 2205 1119 2259 ceterie
1140 2205 1268 2259 omnibus

81 2313 134 2369 que
152 2298 199 2352 in
218 2285 426 2353 orientali
443 2301 563 2372 parte
581 2294 1188 2371 aparentibueeuiebubuit.etObamba
1207 2313 1270 2351 aum

80 2390 140 2444 cuia
152 2389 332 2462 appendiciie
350 2389 444 2461 quod
462 2389 504 2444 de
522 2387 641 2444 eadem
659 2387 840 2442 Matbilda
858 2404 970 2442 uaore
987 2405 1052 2442 aua
1070 2387 1204 2442 babuit.
1224 2387 1271 2442 cui

82 2482 108 2532 et
119 2479 195 2534 idem
209 2481 240 2535 in
252 2481 306 2535 bac
318 2479 491 2550 deleputione
504 2477 637 2534 reddidit.
663 2478 755 2534 Huius
768 2478 931 2534 traditionis
950 2482 1034 2534 teetee
1051 2482 1116 2534 eunt
1135 2478 1159 2532 C
1167 2498 1184 2532 o
1193 2495 1221 2532 ιιι
1232 2497 1270 2534 ee

82 2569 339 2626 Etrkebertue
367 2577 402 2626 et
426 2589 517 2646 puer
545 2569 780 2625 Gebebardue
807 2587 919 2643 nepae
940 2572 1023 2626 eine.
1045 2570 1205 2642 Raffold
1227 2570 1269 2625 de

90 2660 279 2716 Wirmilo
295 2662 477 2735 filiaeque
495 2662 571 2717 eius
588 2661 750 2733 Raffold.
767 2677 879 2729 perier
896 2661 972 2715 eiua
989 2661 1167 2729 Piltortm.
1192 2662 1271 2716 Rat-

79 2754 168 2822 poto
188 2752 228 2806 de
245 2752 575 2809 Mueiliekirieben.
594 2751 768 2821 Piliprim
786 2751 827 2806 de
847 2751 939 2806 (irie.
965 2751 1144 2807 Heinricb.
1165 2754 1271 2810 Hart-

81 2839 169 2914 liep.
197 2839 398 2917 Adulpretb
426 2842 466 2898 de
494 2843 696 2898 stamheim.
728 2843 845 2898 Tiemo
870 2846 902 2898 et
926 2843 1106 2912 Repinper
1133 2845 1272 2901 milites

81 2929 247 2987 eiusdem
267 2933 469 2990 oudalrici.
488 2933 671 2988 Hudamar
687 2933 846 3002 parolus.
871 2935 1033 2989 Secundum
1048 2951 1117 2989 uero
1138 2935 1272 2992 traditio-

81 3040 148 3078 nem
168 3024 218 3078 eub
230 3023 333 3080 eiedem
343 3025 552 3098 prenominatis
564 3025 680 3079 teetibru
692 3027 804 3080 uuori
821 3043 881 3081 eae
899 3025 1077 3081 Matbilde
1095 3027 1275 3098 confirmauit

82 3130 174 3187 cuper
186 3115 265 3169 banio
278 3115 405 3170 omnibus
416 3130 470 3186 pue
482 3119 550 3170 tanc
561 3133 580 3168 u
591 3116 714 3187 fratre
725 3133 786 3171 auo
799 3117 1016 3171 Herimanno
1028 3117 1068 3170 im
1076 3118 1150 3187 (eie)
1160 3130 1273 3192 partem

82 3209 202 3278 accepta
221 3207 341 3280 proprie
362 3206 492 3262 obtinuit·
511 3209 538 3262 et
556 3220 608 3278 pue
626 3209 725 3278 poeteu
742 3207 777 3262 ab
794 3224 826 3261 eo
845 3209 876 3262 in
894 3205 1050 3262 diuidendo
1067 3209 1224 3268 bereditate
1242 3213 1273 3268 in

80 3295 263 3350 bunuaria
274 3299 322 3353 uel
333 3298 489 3371 abierunque
499 3298 538 3353 eit
547 3299 697 3370 percipere
709 3298 814 3354 debuit.
826 3301 853 3352 ct
864 3299 1036 3354 innectitura
1044 3300 1273 3358 ministerialium

82 3387 213 3442 omnium
223 3403 291 3460 pum
301 3388 418 3460 prefate
427 3388 601 3444 contradidit
613 3387 789 3445 Matbilde
801 3388 851 3444 bec
860 3389 929 3461 fuit.
942 3388 1108 3460 Sipilocb
1120 3393 1271 3462 Irmfrit.

82 3477 225 3550 Ratolf.
247 3477 454 3536 Oudalricb.
474 3479 554 3534 laen.
572 3479 781 3534 Eberbortb.

158 3569 213 3622 Aac
230 3568 317 3624 dieser
337 3570 477 3640 wichligon
497 3571 633 3626 Traditioa
646 3571 741 3626 orhollt
755 3571 964 3641 houptcteblich,
984 3574 1072 3628 wobcr
1093 3575 1272 3641 Liutkurd,

81 3660 128 3714 die
151 3660 311 3714 Erbtocbtcr
335 3660 543 3716 Udalrich'e
566 3662 620 3716 aad
637 3661 859 3724 bathildem,
887 3652 1005 3718 so'viole
1028 3664 1204 3736 fleritzungen
1229 3669 1272 3722 bei

81 3751 103 3804 H
115 3768 132 3804 a
143 3750 160 3802 h
171 3769 186 3805 c
197 3768 213 3803 ιι
224 3769 247 3804 ιι
257 3768 271 3804 ιι
281 3769 294 3804 ι
304 3753 316 3804 t
328 3752 380 3805 und
393 3769 432 3806 om
445 3753 554 3824 Komp
567 3753 650 3816 hotto,
660 3753 760 3808 welche
775 3753 814 3808 sie
827 3753 894 3808 dm
908 3754 947 3808 als
959 3753 1139 3812 aduocatieea
1151 3758 1273 3832 ratinpa-

81 3841 195 3904 nenda,
214 3843 383 3896 vcrmutblich
398 3844 463 3896 nach
477 3844 535 3898 dam
549 3842 757 3897 Dahinscheiden
771 3842 841 3897 ihrer
855 3845 977 3899 Gemnble
991 3846 1088 3916 (1136)
1103 3848 1155 3901 und
1169 3850 1271 3906 Sohncs

82 3931 184 4001 (1148)
198 3949 229 3986 ιιι
242 3934 430 3988 verschiedenc
444 3935 637 3990 Gottcshtuser
655 3933 813 3998 ouetbcilte,
833 3936 882 3989 wie
895 3955 941 3990 aus
955 3938 1006 3990 den
1019 3940 1086 3992 oben
1099 3940 1271 4009 angesohrtcn

82 4023 191 4078 Sieilen
207 4040 238 4076 au
252 4023 370 4078 ereehcn.
395 4025 444 4080 Die
463 4026 549 4082 Griler
566 4027 670 4089 tarocr,
690 4027 789 4082 welche
812 4027 1038 4085 biulkardcne
1058 4031 1161 4095 Soha,
1180 4034 1272 4089 Fric-

82 4114 188 4168 drich
205 4113 262 4178 111„
282 4115 443 4186 Domrogt
462 4133 520 4172 ron
539 4118 775 4189 Regonshurg‚
794 4136 841 4174 vor
859 4121 945 4174 ecioer
963 4121 1042 4176 Reice
1062 4124 1273 4181 nocholtrtioo

82 4205 133 4273 (im
146 4203 225 4258 Johrc
240 4206 323 4274 1117)
336 4205 395 4260 dem
408 4206 488 4262 sono
500 4207 613 4264 Admont
633 4209 687 4264 und
704 4209 752 4264 der
764 4211 884 4283 Propalai
898 4212 1111 4284 berchteegcten
1124 4217 1272 4272 vermocbto

84 4295 239 4369 (predium
252 4297 282 4352 in
297 4295 426 4361 Oriente,
445 4297 524 4370 apud
535 4301 706 4370 Prannen),
725 4301 812 4371 liogon
826 4303 951 4356 ehensolls
972 4304 1037 4358 nobe
1055 4305 1124 4358 bcim
1146 4307 1228 4360 Κιιιι
1238 4326 1272 4380 p·

82 4386 229 4450 flasco,
248 4387 492 4444 ntmlichBrunn
511 4389 550 4444 im
568 4391 695 4455 balde,
713 4392 1000 4460 undGruntdort,
1020 4387 1272 4454 untarhalblirems.

81 4477 283 4548 (Babcnbcrgor
296 4479 438 4549 Rogcstea,
457 4479 484 4533 S.
498 4482 542 4544 33,
560 4483 605 4537 Nr.
619 4482 663 4536 16.
675 4513 711 4524 -
729 4483 758 4538 S.
771 4483 816 4546 40,
834 4483 879 4538 Nr.
891 4486 936 4540 40.
948 4515 984 4526 -
1002 4485 1031 4539 S·
1045 4487 1088 4550 51,
1107 4487 1151 4541 Ne.
1165 4488 1223 4558 81.)
1236 4519 1271 4532 -

81 4567 223 4622 Vialleicbt
248 4568 336 4625 dtrbe
363 4572 430 4626 euch
457 4573 549 4628 Kaisar
571 4573 715 4628 Heinrich'e
737 4574 778 4629 lv.
806 4575 964 4646 Schenkung
993 4594 1041 4630 ιοιι
1071 4577 1160 4631 eichen
1189 4578 1273 4632 litteo

83 4659 135 4727 „in
165 4657 313 4726 Marabia,
331 4678 384 4735 que
403 4667 520 4720 uocatur
542 4665 664 4722 cautor
691 4683 723 4720 ιιι
750 4666 801 4721 den
822 4668 1082 4741 Regoasburger
1106 4670 1273 4744 Domvagt
