3074 5094
1156 387 1232 460 313

581 563 704 636 XLVII.

57 684 133 758 1256,
158 685 199 744 ld.
224 684 290 744 lali.
313 683 426 756 magni.
451 716 485 724 -
510 685 592 755 Papst
616 683 765 737 Alexander
784 683 824 739 IV.
854 687 944 738 nimmt
971 685 1021 738 den
1043 686 1096 740 Abt
1120 685 1171 738 und
1195 687 1237 741 die

91 776 308 833 Conventbraider
332 795 363 830 au
387 775 520 845 Gottweig
544 775 570 826 in
595 775 788 847 apostolischen
813 774 910 828 Schuta
935 776 989 829 und
1006 777 1134 847 bestttigt
1152 777 1199 832 das

460 867 617 937 Eigenthum
637 864 684 917 des
702 866 833 920 Klosters.

578 956 711 1016 [Original]

141 1042 331 1108 Aleaundcr
369 1041 528 1125 episcopus
567 1061 674 1104 seruus
713 1059 867 1105 seruorum
899 1039 957 1104 dei.
1004 1040 1128 1106 Dilectis
1167 1041 1237 1108 liliis

57 1153 193 1218 Hencico
209 1149 237 1238 ¹)
279 1150 378 1214 abbati
418 1155 449 1214 et
481 1148 646 1214 Conuentui
679 1148 852 1214 Monasterii
885 1148 1083 1216 Cotwicensis
1118 1151 1234 1216 ordinis

60 1262 153 1325 sancti
191 1259 348 1324 Benedicti
385 1258 570 1322 Patauiensis
610 1257 757 1330 diocesis,
804 1260 935 1324 Salutem
975 1265 1004 1324 et
1042 1260 1236 1343 apostolicam

59 1370 309 1436 benedictionem.
331 1368 402 1432 Cum
419 1388 435 1431 a
451 1367 538 1431 nobis
555 1368 667 1451 petitur
681 1368 759 1452 quod
774 1368 882 1432 iustum
898 1375 944 1433 est
960 1375 990 1433 et
1006 1367 1161 1433 honestum
1177 1375 1236 1433 tam

59 1480 143 1560 uigor
165 1479 307 1564 equitatis
329 1497 415 1562 quarn
440 1476 512 1541 ordo
534 1477 627 1558 exigit
648 1477 786 1549 rationis,
816 1481 849 1541 ut
874 1477 903 1541 id
933 1499 988 1562 pen
1009 1478 1236 1542 sollicitudinem

62 1588 150 1653 oflicii
172 1588 271 1652 nostri
294 1587 330 1651 ad
353 1585 483 1650 debitum
506 1587 686 1669 perducatur
712 1587 861 1650 ellectum.
891 1587 1058 1671 Eapropter
1081 1588 1181 1652 dilecti
1208 1589 1238 1652 in

56 1699 170 1762 domino
194 1697 248 1760 dlii
270 1698 380 1762 uestris
396 1696 482 1760 iustis
497 1693 744 1778 postulationibus
766 1703 852 1780 grato
869 1705 1082 1761 concurrentes
1100 1717 1236 1762 assensu.

58 1827 200 1891 personas
223 1810 340 1870 uestras
363 1813 394 1870 ct
415 1803 515 1869 locum
538 1805 568 1867 in
593 1823 650 1887 quo
676 1803 783 1868 diuinis
807 1805 881 1869 estis
899 1806 1052 1890 obsequiis
1068 1807 1238 1890 mancipati,

58 1937 122 1982 cum
144 1916 285 1980 omnibus
306 1914 392 1979 honis
415 1934 473 1999 que
493 1913 753 1997 impresentiarum
776 1914 992 1978 rationabiliter
1007 1915 1169 1998 possidetis
1187 1922 1237 1980 aut

56 2026 85 2088 in
106 2026 238 2090 diturum
260 2025 346 2089 iustis
368 2023 640 2107 modis-prestante
657 2021 774 2086 domino
790 2025 929 2108 poteritis
946 2024 1070 2110 adipisci
1086 2025 1140 2088 sub
1157 2025 1236 2089 beati

54 2133 132 2198 Petri
164 2139 196 2197 et
223 2137 323 2198 nostra
354 2134 542 2216 protectione
568 2131 757 2215 suscipimus.
795 2133 973 2217 specialiter
1001 2141 1097 2198 autem
1124 2138 1232 2208 terras,

55 2244 164 2319 uineas,
188 2243 336 2314 redditus,
362 2242 476 2314 domos,
500 2243 718 2325 possessiones,
742 2248 773 2306 et
796 2242 852 2306 alia
876 2241 951 2306 hona
976 2247 1076 2307 uestra
1102 2245 1180 2306 sicut
1198 2263 1232 2306 ea

58 2353 149 2432 omnia
172 2353 253 2416 iuste
269 2372 303 2416 ac
318 2350 446 2435 pacifice
463 2351 626 2435 possidetis
642 2351 728 2416 uobis
746 2356 777 2416 et
791 2372 848 2436 per
862 2371 916 2415 uos
934 2353 1115 2416 monasterio
1132 2358 1235 2416 uestro

57 2462 231 2525 auctoritate
262 2459 424 2544 apostolica
455 2458 679 2534 confirmamus,
709 2466 739 2526 et
763 2461 915 2547 presentis
940 2461 1045 2546 scripti
1072 2461 1236 2546 patrocinio

57 2571 277 2634 communimus.
297 2569 376 2633 Nulli
392 2588 465 2650 ergo
482 2571 597 2633 omnino
614 2570 762 2634 hominum
779 2569 869 2636 liceat
885 2570 961 2635 hanc
977 2572 1116 2655 paginam
1132 2549 1236 2636 nostre

56 2681 248 2762 protectionis
257 2679 526 2744 etconlirmationis
539 2679 704 2762 infringere
713 2681 762 2743 uel
775 2681 802 2742 ei
819 2700 891 2744 ausu
907 2681 1065 2746 temerario
1073 2681 1232 2745 contraire.

56 2788 87 2851 Si
98 2791 164 2874 quis
176 2795 276 2853 autem
287 2789 345 2852 hoc
354 2793 530 2871 attemptare
542 2790 769 2874 presumpserit,
782 2789 1013 2872 indignationem
1023 2791 1232 2874 omnipotentis

58 2896 101 2961 dei
128 2904 159 2963 et
174 2899 343 2962 'beatorum
367 2898 448 2960 Petri
475 2905 505 2961 et
531 2897 615 2960 Pauli
643 2898 844 2981 apostolorum
867 2902 930 2964 eius
956 2902 1118 2965 senouerit
1133 2901 1233 2964 incur-

56 3027 162 3070 surum.
176 3008 282 3072 Datum
290 3009 424 3089 Anagnia
434 3007 482 3070 Vl.
493 3007 562 3071 Idus
571 3007 651 3070 Julii.
664 3007 854 3073 Pontificatus
864 3011 1040 3074 nostrianno
1054 3008 1232 3097 secundm).

123 3114 163 3169 An
178 3115 227 3170 der
240 3114 363 3170 Urliunde
376 3115 458 3184 htngt
470 3113 511 3168 die
525 3113 704 3183 gewdhnlichc
716 3115 850 3169 Bleibulle.
961 3138 963 3142 ¹

126 3207 158 3280 l)
185 3207 279 3261 Dieser
305 3205 452 3278 pdpstliche
478 3204 659 3268 Schutabriel,
690 3206 769 3259 worin
801 3207 989 3262 ausdrticldich
1019 3210 1072 3264 Aht
1097 3209 1233 3265 Heinrich

57 3302 167 3366 genennt
179 3298 260 3360 wind,
278 3314 338 3366 mag
351 3299 405 3350 erst
417 3297 483 3350 nach
498 3295 590 3349 dassen
605 3297 752 3366 Abtretung
766 3298 916 3370 eingelangt
929 3299 993 3353 sein.

122 3391 154 3460 2)
174 3391 228 3444 Das
240 3389 332 3443 aweite
342 3386 733 3459 PontificatsjahrAlexander's
743 3389 785 3444 lv.
795 3389 880 3444 reicht
890 3391 1227 3447 vom2l.Decemherl255

57 3477 93 3532 bis
106 3479 184 3535 1256.

576 3579 712 3652 XLVlll.

56 3695 126 3770 1257,
145 3699 190 3758 24.
211 3694 294 3771 April.
313 3697 391 3770 llum,
410 3697 448 3756 lm
465 3695 593 3756 lateran.
614 3729 646 3739 -
667 3701 749 3771 Pupst
769 3700 916 3756 Alexander
938 3700 979 3756 lv.
1004 3702 1155 3774 genehmigt
1179 3701 1230 3756 und

122 3791 252 3861 bestttigt
270 3791 313 3844 die
332 3791 513 3860 Verwcndung
530 3790 578 3844 der
597 3790 805 3846 Plarreinln'inlte
826 3811 875 3847 von
894 3793 954 3848 Pira
974 3811 1031 3847 uum
1049 3793 1159 3848 Armen-

474 3881 609 3954 Hospitale
628 3881 653 3934 in
673 3881 815 3956 Gottweig.

575 3973 708 4033 [original]

140 4043 328 4123 Alexander
366 4059 526 4142 episcopus
562 4069 672 4122 'seruus
704 4078 859 4123 seruorum
891 4057 950 4122 dei.
990 4057 1117 4146 Dilectis
1150 4059 1230 4132 liliis,

55 4165 158 4230 Abbati
170 4167 198 4253 ¹)
238 4173 269 4232 et
302 4167 467 4231 Ooouentui
502 4167 674 4232 lllonasterii
709 4167 944 4240 Chotwicensis‚
979 4168 1092 4232 ordinis
1127 4169 1229 4232 Sancti

55 4273 206 4340 Benedicti
222 4278 407 4342 Patauiensis
424 4277 554 4340 diocesis
574 4277 704 4340 Salutem
722 4283 752 4340 et
768 4277 962 4360 apostolicam
979 4277 1229 4341 benedictionem.

57 4383 145 4448 Justis
167 4387 332 4470 petentium
356 4385 508 4450 disideriis
530 4385 650 4470 dignum
675 4389 722 4448 est
747 4405 800 4448 nos
816 4384 934 4450 facilem
950 4384 1081 4470 prebere
1099 4407 1230 4451 consen·

57 4515 134 4566 sum,
158 4502 190 4560 et
212 4502 279 4561 uota
301 4517 359 4582 que
380 4515 397 4559 a
421 4495 542 4560 rationis
565 4495 682 4558 tramite
704 4513 762 4558 uon
791 4494 963 4560 discordant
987 4495 1097 4560 ellectu
1120 4516 1228 4578 prose·

57 4609 161 4688 quente
194 4606 354 4693 complere.
391 4605 464 4670 Cum
497 4605 589 4688 igitur
615 4604 691 4668 sicut
717 4605 821 4690 petitio
849 4610 954 4670 uestra
982 4603 1067 4670 nobis
1096 4603 1228 4670 exhibita
