3122 5096
171 441 174 446 ·
283 421 308 489 4

374 592 420 656 Ad
434 593 586 658 daedalea
601 593 703 656 vincas
720 592 804 656 duas.
822 613 896 678 quas
914 567 1085 660 dalcae
1106 593 1290 676 patauieusis
1305 593 1476 676 prepositus

283 702 315 764 iu
331 700 480 765 beneficia
496 701 611 764 habuit.

372 809 419 872 Ad
436 811 611 898 lantsperg
626 830 760 873 mansum
776 829 875 874 uuum.

373 918 420 980 Ad
436 919 526 984 halla
543 920 725 1001 sartaginem
741 939 840 982 uuam.

374 1027 419 1089 Ad
435 1027 591 1092 aurchact
606 1046 735 1090 mansas.
752 1027 827 1089 llll⁰'
841 1023 995 1090 liberales.

374 1135 419 1199 dd
436 1136 569 1222 ltaqinae
585 1138 703 1200 uincam
721 1156 807 1199 unam
825 1156 892 1200 cunr
908 1135 956 1197 his
974 1155 1033 1219 que
1049 1137 1086 1198 ad
1104 1155 1170 1200 eam
1184 1136 1348 1219 pertinent.

373 1243 418 1306 Ad
435 1245 604 1308 Patauium
619 1243 850 1307 curtale'uuum.

372 1351 419 1414 Ad
433 1351 652 1438 Reqinabarclr
668 1351 784 1414 curtale
799 1371 899 1414 uuum.

370 1459 416 1520 Ad
432 1460 608 1546 Haaperqa
628 1457 710 1542 quad
727 1460 888 1541 episcopus
905 1457 999 1520 dedit.
1022 1463 1053 1521 et
1073 1458 1306 1545 Maqinlaaralaa
1326 1461 1357 1521 in
1380 1459 1479 1522 liene·

281 1565 508 1630 reuocauerat.
980 1543 984 1552 ’

372 1673 417 1735 Ad
433 1674 631 1738 Peelacatilia
645 1670 824 1736 beneficium
841 1672 920 1757 quad
937 1672 1017 1735 idem
1033 1672 1169 1754 pontifex
1185 1659 1277 1736 dedii.

371 1782 415 1844 Ad
432 1781 613 1868 Sccwiaqia
628 1779 810 1843 heneficium
825 1780 905 1863 quad
922 1781 1084 1862 episcopus
1100 1799 1166 1842 cum
1184 1781 1340 1864 mancipiis
1357 1780 1454 1844 dedit.

370 1888 418 1951 Ad
432 1889 581 1953 Smidalaa'
596 1889 702 1952 decern
718 1908 848 1952 mausus.

372 1997 532 2060 Desertum
548 1995 623 2058 illud
639 1995 676 2058 ad
689 1996 771 2082 yria.
851 1987 855 1992 ¹

371 2105 531 2167 Desertum
546 2103 618 2165 illud
637 2103 674 2166 ad
686 2104 845 2187 faedaraa.

371 2211 451 2276 ldem
469 2212 631 2294 episcopus
648 2211 684 2274 ad
707 2212 850 2298 lacaperq
873 2212 1011 2295 quicquid
1035 2213 1080 2274 sui
1105 2213 1178 2274 iuris
1202 2216 1267 2275 erat
1288 2213 1478 2277 interdatur

275 2321 488 2410 peraaicclras
516 2321 627 2384 cultum
650 2313 681 2382 ct
702 2318 847 2384 incultum
870 2341 983 2384 acram
1009 2320 1200 2384 Kariatham
1227 2319 1354 2382 tradidit
1383 2341 1478 2403 super

280 2432 375 2495 altare
400 2431 432 2493 S.
450 2428 546 2492 Marie
568 2429 642 2490 nihil
667 2429 822 2512 excipiens
844 2429 973 2491 amnica.
997 2433 1098 2511 preter
1120 2449 1245 2493 censum
1269 2428 1424 2512 publicum
1445 2433 1477 2492 et

278 2541 430 2626 publicam
445 2539 534 2604 uiam.

849 2724 905 2794 lll.

370 2864 479 2928 Natum
496 2863 535 2926 sit
551 2863 669 2925 cunctis
686 2865 791 2925 sancte
808 2861 938 2924 ecclesie
963 2860 1032 2924 filiis
1050 2861 1178 2946 qualiter
1193 2861 1321 2944 quedam
1338 2868 1476 2928 matrona

278 2972 399 3036 narniae
414 2971 550 3036 Ricdiaa
566 2969 693 3032 tradidit
705 2989 796 3052 super
812 2969 893 3031 idem
909 2969 1004 3032 altare
1020 2969 1052 3032 S.
1066 2969 1161 3033 Marie
1178 2989 1312 3033 mansum
1327 2991 1419 3033 uuum
1437 2971 1476 3034 ad

279 3081 412 3145 Clariae
436 3079 549 3162 absque
572 3079 651 3141 amni
678 3077 984 3140 contradictionem
1008 3099 1067 3164 qao
1090 3077 1238 3162 edificata
1264 3085 1313 3142 eat
1336 3081 1477 3144 ecclesia

277 3210 337 3275 qae
352 3211 372 3253 a
389 3187 514 3252 domino
529 3186 698 3251 Altmanao
722 3186 870 3272 episcopo
886 3192 1005 3270 postca!
1024 3186 1057 3248 ira
1077 3185 1288 3270 parrochiam
1310 3194 1358 3251 cat
1375 3209 1476 3252 cana·

276 3298 349 3362 raiae
384 3304 497 3360 amata.

359 3300 468 3488 fiSuper
483 3403 564 3467 idem
580 3401 675 3465 altare
693 3400 814 3484 quidam
838 3400 959 3464 nomine
984 3401 1139 3464 Geraldaa
1162 3400 1316 3484 delegauit
1337 3421 1477 3466 mansum

276 3531 366 3576 unum
382 3513 413 3574 iu
429 3511 537 3576 eadem
553 3510 631 3574 laec.

849 3692 903 3763 lV.

365 3834 514 3898 Nauerint
539 3851 642 3895 ornnes
660 3831 773 3894 Christi
797 3831 904 3894 fideles
926 3831 1055 3914 qualiter
1075 3830 1194 3915 quidam
1217 3829 1337 3894 nemine
1359 3833 1481 3897 Emict

275 3945 331 4032 qai
352 3944 512 4008 nobiccum
531 3947 646 4027 pastea
672 3944 878 4003 racematus
899 3941 1037 4003 aeaalam
1056 3939 1201 4003 mataait.
1223 3946 1255 4003 ct
1275 3940 1333 4040 aab
1349 3940 1479 4006 milicia

273 4052 441 4140 spirituali
466 4052 524 4114 dec
552 4047 735 4112 auxiliante
756 4046 823 4110 aitc
846 4067 971 4112 caream
997 4047 1152 4132 impleuit.
1180 4045 1360 4110 beneficiam
1384 4068 1478 4111 suum

274 4160 520 4241 bamaaaisdors
538 4156 649 4219 dictum
674 4176 741 4218 curn
764 4155 838 4234 uiris
856 4176 890 4218 ac
906 4154 1024 4216 feminis
1047 4156 1257 4236 uniuersisque
1279 4153 1479 4238 appendiciis

274 4269 336 4331 suis
363 4267 488 4331 damino
518 4239 669 4328 ddalrica
694 4263 839 4326 aduocata
868 4261 988 4326 dominc
1016 4282 1070 4326 suc
1097 4262 1239 4326 reddidit.
1278 4261 1364 4342 Quod
1390 4263 1478 4326 idem

273 4378 448 4441 aduocataa
476 4372 620 4455 episcopo
647 4372 816 4436 Altmaaac
850 4391 917 4434 max
944 4369 1083 4433 tradidit.
1118 4375 1148 4433 et
1176 4373 1272 4433 testes
1305 4372 1392 4434 huius
1423 4371 1477 4434 rei

274 4505 328 4568 per
354 4501 457 4546 aurem
479 4484 548 4544 sunt
569 4479 706 4542 adtracti.
736 4479 890 4566 maiarum.
921 4454 1087 4544 ddalrialr.
1121 4479 1236 4542 Ticmc.
1264 4479 1477 4566 Enqilprelat.

281 4593 432 4658 llrlclrrat.
463 4588 612 4655 Gerhart.
645 4589 743 4652 Rara.
771 4588 833 4652 Iao.
865 4585 1045 4653 Willilaalm.
1077 4586 1256 4650 Adallcalm.
1289 4589 1478 4654 Hartaaiclr.
