3076 5094
1165 363 1241 436 255

74 563 181 606 manso.
211 542 358 606 Brauronia
380 540 418 604 de
442 539 589 602 beneficio
612 541 745 604 eiusdem
774 540 925 615 Ekkirici,
950 560 1016 603 curn
1038 540 1195 623 mancipiis
1217 543 1247 602 et

74 649 202 715 omnibus
218 650 403 733 appendiciis
420 651 492 713 suis.
505 649 703 714 Honta'clncim
717 645 904 714 Rcidwinum
920 668 985 711 cum
997 647 1154 712 beneficiis
1171 649 1242 712 suis.

75 759 331 846 Olocllirpooncio
353 759 467 822 vineam
489 757 511 819 Ι.
536 777 603 821 cum
618 757 748 821 uinitore
768 761 799 820 et
813 755 947 820 omnibus
963 756 1147 840 appendiciis
1170 756 1243 820 suis.

73 864 296 952 Bdtlccaiadorf
303 867 404 932 vineas
421 865 468 928 ΙΙΙ.
487 869 518 928 et
534 864 684 928 dimidiam
703 885 770 929 cum
786 866 913 929 vinitore
930 870 961 930 et
976 863 1110 929 omnibus
1132 885 1245 948 appen-
1373 900 1375 906 s

74 977 155 1040 diciis
172 976 245 1040 suis.
259 975 366 1040 Villam
380 976 475 1040 Pullo
487 979 611 1056 excepto
624 993 724 1038 manso
741 974 762 1037 Ι.
787 975 991 1061 Herpinboclo
1006 978 1131 1056 excepto
1144 993 1245 1036 manso

73 1086 93 1148 Ι.
108 1105 174 1150 cum
190 1084 346 1167 mancipiis
363 1088 393 1147 et
408 1083 545 1146 omnibus
561 1083 746 1166 appendiciis
762 1085 834 1146 suis.
857 1085 998 1148 Tuloron
1014 1103 1081 1147 cum
1095 1081 1192 1146 vineis
1217 1085 1247 1144 et

72 1193 199 1256 vinitore
216 1195 246 1254 ei
262 1189 395 1254 omnihus
412 1171 597 1274 appendiciis
614 1191 685 1256 suis.
704 1191 796 1257 Varla
812 1212 877 1257 cum
893 1192 1049 1275 mancipiis
1065 1195 1096 1254 et
1110 1190 1246 1276 omnibus

75 1300 260 1385 appendiciis
277 1301 340 1363 suis
357 1304 387 1362 el
402 1299 476 1360 silua
492 1317 549 1383 que
566 1299 683 1362 adiacet
698 1301 807 1374 monti,
833 1303 916 1365 cuius
937 1301 1079 1364 terminus
1097 1305 1144 1362 esi
1167 1299 1248 1362 riuus

71 1413 171 1496 pulta,
200 1429 317 1472 sursum
345 1427 440 1491 usque
465 1407 750 1472 incommodorum
777 1409 884 1472 abhinc
910 1429 1004 1495 usqne
1031 1409 1067 1472 ad
1091 1407 1249 1472 confinium

74 1518 298 1600 salzburgensis
322 1517 419 1601 predii
443 1521 472 1581 et
495 1517 685 1581 marchionis.
704 1518 913 1582 Chrucdstctin
930 1539 994 1581 cum
1016 1518 1110 1582 vineis
1128 1522 1158 1582 ei
1172 1518 1249 1581 vini-

73 1634 138 1690 tore
176 1631 208 1690 et
238 1624 373 1691 omnihus
408 1625 594 1710 appendiciis
631 1627 704 1690 suis.
742 1625 926 1709 Echindorf
950 1647 1014 1689 cum
1045 1627 1199 1710 mancipiis
1222 1629 1252 1688 et

71 1735 207 1799 omnibus
229 1735 415 1818 appendiciis
437 1736 509 1798 suis.
533 1735 786 1820 Pomoncicdorf
803 1756 868 1800 cum
885 1735 1039 1819 mancipiis
1065 1742 1094 1798 et
1115 1733 1250 1798 omnibus

72 1843 258 1929 appendiciis
283 1844 355 1907 suis.
378 1843 528 1927 Nuzdorf
544 1837 645 1908 vineas
666 1845 713 1906 ΙΙΙ.
729 1845 910 1928 Anzicdorf
926 1845 1029 1908 vineas
1044 1844 1078 1907 H.
1095 1843 1249 1908 laniciniu-

71 1955 150 2038 dorf
167 1953 283 2015 vincam
311 1950 331 2014 l.
355 1953 580 2038 Rotoldiadorf
595 1972 660 2018 cum
683 1953 818 2016 omnibus
839 1952 1024 2036 appendiciis
1047 1952 1120 2016 suis.
1146 1950 1189 2014 nd
1216 1951 1249 2016 S.

70 2063 225 2149 ypolitum
239 2067 354 2144 partem
371 2060 577 2124 decimationis
593 2068 623 2124 et
637 2081 771 2136 mansum
787 2061 809 2124 Ι.
827 2082 894 2125 cnm
910 2061 1044 2125 omnihus
1065 2058 1251 2144 appendiciis
1318 2051 1326 2070 ‘

69 2173 142 2234 suis.
177 2170 217 2234 Et
234 2170 263 2232 iu
276 2168 333 2232 alia
348 2171 412 2252 ripa
426 2170 559 2234 Trciaim
572 2191 679 2234 versus
696 2171 838 2258 Wnprcin
850 2169 1049 2234 molendinum
1061 2189 1125 2233 cnm
1139 2188 1252 2252 appen-

69 2280 159 2345 diciis
177 2279 239 2342 suis
256 2287 287 2341 ct
301 2279 337 2341 ΙΙο
349 2279 413 2342 loca
429 2279 599 2342 molendini.
617 2277 1014 2364 Stoodrotisdorsmansum
1026 2279 1048 2341 l.
1061 2277 1253 2359 Peclocutilin

19 2385 21 2392 '
70 2408 138 2452 cum
157 2385 292 2450 omnihus
309 2387 496 2470 appendiciis
512 2388 586 2450 suis.
603 2387 807 2475 Scoowinpin
823 2407 889 2452 cum
901 2388 1057 2473 mancipiis
1073 2392 1103 2450 et
1119 2385 1253 2450 omnibus

72 2495 262 2582 appendiciis
284 2497 356 2559 suis.
377 2497 590 2581 Blicdindorf
604 2517 735 2560 mansum
751 2496 772 2558 l.
801 2497 1036 2581 Piscolniodorf
1055 2513 1172 2558 mansos
1193 2493 1253 2556 ΙΙΙΙ.

71 2605 243 2670 Houderclu
259 2625 325 2668 cum
342 2604 477 2668 omnibus
494 2605 680 2689 appendiciis
696 2607 757 2668 suis
774 2611 804 2668 et
820 2605 962 2690 quidquid
978 2607 1057 2668 inter
1075 2603 1147 2666 duas
1164 2603 1256 2666 Pcrc-

70 2715 191 2779 niklnaa
218 2713 328 2777 cultum
351 2718 381 2776 et
396 2713 537 2778 incultum
560 2713 741 2797 episcopalis
762 2713 836 2777 iuris
849 2716 942 2787 iacet,
970 2719 1094 2800 excepto
1111 2732 1205 2775 censu
1221 2711 1258 2774 de

71 2825 195 2908 publica
212 2823 271 2886 uia.
290 2823 550 2888 Chunilolnstctin
566 2824 669 2887 vineas
688 2823 756 2887 Vct
772 2823 933 2887 dimidiam.
948 2824 1147 2888 Zcininmuro
1162 2820 1258 2884 hene-

20 2925 24 2932 ’
71 2931 176 2994 licium
192 2931 369 3019 Repicoldi.
389 2933 568 3020 calliopio
583 2935 685 2998 vineas
697 2933 731 2998 ΙΙ.
749 2953 816 2996 cum
832 2933 966 2997 omnibus
983 2931 1165 3016 appendiciis
1185 2930 1257 2993 suis.

72 3040 299 3127 Chircdlinpia
321 3061 452 3104 mansum
476 3041 497 3103 Ι.
516 3045 546 3104 et
568 3041 684 3105 vineam
701 3042 722 3105 Ι.
743 3039 962 3106 l'iccolnmnndi
976 3060 1109 3104 mansum
1130 3038 1153 3102 l.
1174 3039 1261 3103 Muri

70 3149 314 3213 decimationem.
342 3149 386 3212 Ad
412 3149 445 3214 S.
468 3153 679 3216 Petroncllom
706 3149 864 3215 ecclesiam
892 3169 957 3215 cum
985 3149 1192 3220 decimatione,
1221 3145 1258 3208 ad

68 3258 321 3335 Haimiuburolc,
348 3258 667 3348 Aaclndclcicprooco‚
696 3261 826 3324 Honilin
844 3263 874 3322 et
896 3259 933 3322 dc
955 3257 1066 3322 ceteris
1083 3255 1176 3328 uillis,
1200 3275 1258 3340 que
1335 3295 1337 3300 -

69 3369 230 3452 pertinent
246 3365 281 3428 ad
297 3363 434 3450 predium
452 3367 618 3456 Dictpololi
642 3367 820 3430 marchionis
844 3369 1077 3432 decimationem.
1116 3364 1260 3430 Sandaina

69 3495 199 3540 mansos
215 3473 250 3538 X.
267 3475 416 3541 asennaa
431 3479 534 3570 vineas
549 3478 582 3541 ΙΙ.
607 3477 786 3565 Hooicbcrp
801 3496 933 3539 mansum
949 3475 971 3538 Ι.
988 3477 1086 3541 ΗαΙΙα
1103 3473 1216 3536 curtale
1237 3473 1259 3535 Ι.

71 3586 211 3667 Sartago
234 3585 256 3647 l.
284 3584 329 3647 Ad
357 3583 462 3650 Stelai
488 3586 667 3650 beneficium
692 3586 836 3651 Pezilini.
875 3586 906 3648 ln
921 3583 1084 3648 Parrochia
1114 3581 1262 3648 aaronica·

69 3693 231 3759 dimidiam
247 3693 474 3758 decimationem
492 3697 551 3758 vini
566 3715 624 3780 qne
639 3702 710 3759 tunc
727 3687 770 3758 ibi
785 3693 849 3767 fuit,
862 3693 910 3757 nel
923 3694 1066 3776 deinceps
1079 3690 1261 3776 peruenerit.

71 3803 283 3886 Ticmiodorf
292 3805 323 3866 et
337 3803 526 3888 Honindmf
536 3805 772 3868 decimationem.
797 3801 1063 3890 Ramuoldiepaolo
1085 3799 1260 3864 decimatio-

68 3933 143 3977 nem
170 3919 202 3975 et
217 3931 350 3975 mansum
369 3914 392 3975 Ι.
409 3914 587 3998 Froicdorf
602 3913 828 3976 decimationem
843 3917 874 3974 et
889 3930 1022 3974 mansum
1037 3911 1059 3972 1.
1086 3909 1267 3996 Gopindorf

64 4041 212 4086 mansum
232 4021 254 4084 1.
273 4021 380 4087 Chelai
398 4021 634 4085 decimationem.
651 4021 946 4104 Heiaimocnisdorf
955 4039 1073 4082 mansus
1090 4017 1151 4081 llll.
1167 4018 1260 4083 Stro-

66 4131 229 4214 nciadorf
238 4130 465 4194 decimationem
483 4137 512 4194 et
528 4151 646 4194 mansos
666 4129 700 4190 ΙΙ.
725 4129 876 4193 Zcinariu
895 4148 1014 4191 mansos
1032 4126 1071 4191 ΙΙ.·
1085 4131 1115 4190 et
1136 4125 1261 4190 curtalia

70 4236 152 4304 vlu.
169 4239 362 4324 Borcisdorf
371 4260 504 4303 mansum
525 4241 546 4304 Ι.
568 4239 730 4302 liberalem.
747 4238 944 4322 Porcindors
953 4257 1071 4300 mansos
1087 4235 1146 4298 ΙΙΙΙ.
1174 4236 1261 4299 Gon-

66 4347 221 4414 sarvcldi
251 4347 488 4411 decimationem.
520 4328 742 4435 Epizinicdorf
764 4366 884 4409 mansos
913 4345 961 4408 ΙΙΙ.
997 4344 1262 4431 Hopnindrnnoin

69 4475 215 4520 mansum
243 4455 264 4517 Ι.
293 4455 440 4539 lllancipia
468 4456 506 4519 dc
531 4459 684 4521 mathomo
711 4453 817 4539 quibus
833 4455 914 4519 Pero
930 4453 1110 4517 camerarius
1133 4458 1262 4536 preerat.

69 4563 232 4646 Mancipia
265 4565 434 4653 Eipildcrti
465 4563 721 4648 archipresbiteri.
771 4562 809 4624 nt
844 4561 1009 4659 eeclesiam.
1037 4561 1116 4644 apud
1148 4560 1262 4626 Nolicb
