3074 5094
1141 389 1216 464 293

53 563 179 628 fidelibus
193 566 222 627 in
235 570 421 650 perpetuum.
440 565 478 632 Vt
494 587 529 630 ea
546 587 604 651 quo
617 572 688 650 aput
699 566 833 632 homines
845 573 988 649 geruntur
999 561 1029 630 iri
1043 573 1219 651 perpetuum

52 673 183 736 memorie
204 675 379 738 mandentur
405 681 435 740 et
458 680 686 749 conserventur,
710 695 800 739 nosse
824 676 957 742 uolumus
978 682 1037 739 tam
1059 684 1218 761 presentes

50 803 127 867 quam
144 782 260 846 tuturos
277 783 407 848 lecturos
424 784 501 847 hanc
517 784 665 868 paginam,
683 786 760 868 quod
777 805 831 848 nos
849 785 887 846 de
904 785 1050 847 communi
1071 803 1218 850 consensu

51 889 177 954 dedimus
195 891 340 974 Magistro
356 893 506 958 Heinrico
517 890 544 978 ¹)
561 891 670 955 clerico
687 898 789 956 nostro
807 893 844 957 de
859 893 975 958 Noliub
992 893 1049 957 duo
1071 893 1217 957 beneficia

49 1003 75 1064 in
89 999 312 1088 Pomportemt)
337 1019 403 1063 cum
425 1002 487 1066 suis
504 1001 690 1083 pertinentiis
707 1023 761 1084 pro
784 1003 835 1066 Xll
851 1003 968 1066 talentis
989 1003 1046 1066 hoc
1062 1009 1165 1087 pacto,
1186 1011 1219 1068 ut

49 1109 81 1172 de
101 1109 213 1173 eisdem
237 1107 392 1174 beneficiis
416 1112 563 1175 annuatim
585 1111 715 1194 gerrada
738 1111 798 1174 uini
819 1111 847 1174 ei
868 1111 1014 1184 soluatur,
1040 1133 1097 1196 que
1117 1116 1217 1176 tamen

48 1219 166 1300 gerrada
182 1219 212 1282 in
230 1241 299 1283 usus
317 1220 438 1283 fratrum
455 1225 502 1284 est
523 1221 648 1294 reddita,
672 1225 704 1284 ut
719 1225 799 1284 totus
816 1227 979 1284 conuentus
1002 1221 1031 1282 in
1049 1220 1216 1306 quadrage-

46 1328 111 1390 sima
126 1347 181 1392 uno
200 1327 249 1392 die
266 1348 330 1392 cum
344 1328 478 1412 piscibus
496 1336 702 1415 competenter
721 1329 905 1400 exhiheatur,
922 1328 1050 1401 scilicet,
1073 1337 1105 1393 ut
1121 1331 1211 1395 domi·

47 1439 86 1501 nis
102 1437 157 1501 duo
173 1437 289 1502 fercula
305 1439 432 1522 piscium
450 1439 569 1513 dentur,
585 1438 727 1503 fratribus
745 1443 775 1501 et
791 1437 965 1502 dominabus
982 1459 1079 1512 unum,
1097 1445 1128 1504 et
1143 1462 1217 1506 con-

47 1553 144 1611 uentus
160 1548 345 1630 solempnem
367 1548 498 1630 vigiliam
515 1553 546 1612 et
561 1549 679 1611 missam
702 1549 908 1612 detunctorum
925 1547 963 1611 oh
980 1549 1151 1612 memoriam
1171 1553 1218 1614 sui

48 1662 74 1720 et
87 1661 240 1740 parentum
257 1676 375 1719 suorum
392 1676 457 1721 cum
474 1659 571 1737 signis
588 1655 793 1741 sollempniter
804 1655 977 1720 sonantibus
993 1657 1103 1721 debeat
1114 1658 1217 1723 celeb-

46 1787 117 1838 rare,
141 1767 309 1850 procuratis
332 1766 436 1829 eodem
453 1765 503 1848 die
521 1765 559 1829 de
577 1765 704 1830 Cellario
727 1764 896 1830 Conueutus
914 1764 965 1828 llll
983 1766 1166 1850 pauperibus
1187 1769 1218 1831 in

46 1897 114 1960 pane
135 1880 165 1939 et
180 1877 248 1940 vino
266 1879 296 1938 et
317 1895 374 1938 uno
391 1875 516 1948 ferculo,
540 1875 617 1939 datis
634 1877 721 1938 etiam
740 1895 796 1960 per
812 1895 928 1938 manum
946 1875 1056 1958 prioris
1074 1877 1123 1960 qui
1144 1897 1216 1962 pro-

46 1990 122 2050 curat
137 1985 389 2058 consolationem,
406 1984 540 2068 piscibus
564 1992 594 2049 et
617 1985 668 2048 Vll
684 1984 815 2048 denariis
833 1984 945 2048 eisdem
961 1985 1155 2068 pauperibus.
1179 1985 1218 2050 Et

46 2095 140 2158 eodem
155 2095 308 2160 Heinrico
324 2094 483 2158 sacerdote
500 2094 666 2159 decedente
682 2095 760 2158 sicut
780 2093 865 2156 unius
882 2093 1005 2156 fratrum
1028 2094 1215 2158 sacerdotum

46 2203 90 2266 liat
104 2204 165 2268 eius
194 2204 346 2268 memoria.
376 2202 413 2266 Et
428 2209 460 2269 ut
476 2203 532 2267 hec
548 2203 706 2288 promissio
729 2201 839 2265 firmius
864 2204 894 2265 in
910 2222 1002 2265 annos
1019 2202 1116 2276 duret,
1141 2222 1216 2288 opus

46 2311 195 2395 singularis
218 2313 338 2396 pietatis
355 2311 486 2385 addidit,
512 2312 590 2396 quod
607 2311 722 2374 reditus
742 2309 870 2376 ecclesie
886 2331 940 2374 sue
955 2311 1070 2376 Noliub
1093 2315 1123 2375 in
1145 2333 1215 2376 usus

45 2423 156 2486 fratrum
172 2442 229 2506 per
245 2421 394 2486 biennium
404 2421 592 2494 contradidit,
610 2419 832 2505 exceptionibus
847 2420 913 2483 istis
925 2420 1122 2504 interpositis,
1138 2421 1215 2505 quod

46 2535 161 2614 utroque
177 2551 255 2594 anno
272 2531 310 2594 de
326 2531 440 2596 eisdem
455 2531 603 2595 reditibus
623 2531 722 2596 inco
738 2530 873 2594 fratrueli
889 2549 941 2593 suo
958 2529 995 2593 ad
1008 2531 1136 2594 studium
1151 2537 1215 2594 tres

42 2641 153 2705 marche
169 2661 227 2725 per
243 2639 426 2723 diligentiam
443 2639 560 2705 abbatis
576 2641 737 2704 mittantur.
755 2639 793 2702 ut
805 2639 830 2702 si
846 2638 1006 2703 infortunio
1022 2637 1120 2722 aliquo
1136 2639 1214 2703 idem

42 2750 202 2814 donadeus
217 2749 363 2834 plebanus
374 2748 450 2813 ultra
460 2771 551 2824 mare,
567 2749 646 2835 quod
656 2750 728 2814 deus
739 2752 864 2821 auertat,
880 2753 1097 2831 preoccupatus
1113 2748 1212 2822 fuerit,

42 2859 171 2942 quicquid
193 2879 251 2944 per
268 2859 391 2932 litteras,
416 2857 463 2922 uel
480 2879 535 2944 per
551 2863 666 2922 certum
688 2841 827 2922 nuncium
849 2857 907 2920 sibi
922 2857 1096 2920 mittendum
1118 2859 1213 2942 signi-

43 2966 185 3041 bcauerit,
211 2968 291 3031 omni
314 2968 472 3032 occasione
487 2970 654 3054 postposita
675 2968 816 3030 mittatur.
840 2967 878 3029 Et
899 2966 925 3028 si
947 2965 985 3030 de
1008 2968 1216 3032 transmarinis

41 3076 162 3158 partibus
181 3077 238 3142 deo
255 3077 383 3142 donante
399 3076 532 3150 redierit,
550 3077 733 3161 prebendam
749 3077 850 3140 fratris
865 3077 895 3138 in
907 3095 1092 3160 quocumque
1108 3074 1211 3140 habitu

41 3165 158 3250 uoluerit
173 3187 293 3252 habeat.
311 3187 440 3250 Firmata
454 3192 501 3252 est
516 3192 613 3252 autem
628 3187 685 3250 heo
701 3187 778 3250 actio
794 3187 822 3248 in
841 3190 988 3249 conuentu
1003 3185 1125 3248 fratrum
1143 3185 1210 3250 data

41 3291 151 3360 dextera
167 3296 353 3378 singulorum
370 3297 438 3361 uice
450 3298 638 3368 sacramenti,
656 3301 688 3360 ut
699 3302 819 3378 pactum
830 3295 887 3358 hoc
903 3313 1048 3377 nunquam
1065 3293 1210 3378 abaliquo

40 3401 136 3468 abbate
149 3404 296 3478 irritetur,
314 3411 345 3470 et
361 3405 387 3470 si
403 3404 493 3469 abbas
510 3405 626 3468 irritare
638 3404 765 3470 uoluerit
780 3425 796 3468 a
811 3411 872 3468 toto
890 3403 1018 3487 capitulo
1035 3404 1210 3467 unanimiter

41 3510 221 3587 reclametur,
239 3513 352 3578 firmato
368 3514 426 3578 hoc
441 3519 529 3598 pacto
545 3519 604 3576 tam
620 3513 746 3584 abbatis,
763 3534 849 3596 quam
867 3517 1029 3578 conuentus
1045 3510 1154 3594 sigillo.

102 3622 179 3676 Diesc
197 3621 322 3676 Urhunde
340 3622 375 3675 ist
394 3622 503 3693 doppelt
520 3621 678 3683 verbanden,
698 3639 729 3674 an
748 3620 843 3674 beiden
861 3619 1033 3691 Exemplaren
1052 3620 1154 3690 hdugon
1168 3619 1210 3673 dic

40 3712 95 3765 zuei
112 3711 285 3784 angezeiglen
304 3713 402 3783 Sicgel,
421 3713 468 3767 das
487 3713 624 3767 ahteiliche
644 3711 696 3766 und
715 3711 761 3765 das
781 3709 827 3764 des
847 3710 1001 3765 Conventes.

101 3803 131 3875 1)
149 3805 243 3858 Dieser
254 3804 289 3858 ist
307 3804 478 3859 vermuthlich
497 3803 617 3858 derselbo
630 3795 764 3856 Heinricus
782 3800 954 3854 Naeliubaere
974 3799 1056 3872 (Nalb
1075 3801 1117 3854 bei
1131 3801 1209 3864 fleti,

41 3893 67 3946 ll.
79 3895 109 3948 ll.
121 3895 175 3967 B.)‚
187 3897 302 3950 welches
315 3913 355 3948 am
368 3895 412 3950 19.
428 3895 503 3966 Sept.
519 3894 588 3948 1219
599 3893 640 3948 bei
655 3893 703 3946 der
710 3892 896 3960 Verhcndlung
908 3891 954 3945 des
961 3892 1079 3945 Bischots
1085 3890 1173 3946 Ulrich
1179 3891 1210 3945 11.

40 4001 83 4036 von
95 3987 190 4041 Passau
203 3985 250 4040 mit
263 3989 322 4041 dem
335 3987 449 4042 Geraser
462 3984 530 4038 Abte
541 3984 675 4038 Friedrich
689 4004 720 4038 zu
731 3986 851 4038 Mantern
862 3987 938 4036 untes
952 3983 1002 4036 den
1016 3983 1211 4038 woltlichen

42 4076 139 4146 Zeugen
158 4077 299 4132 erschciut.
320 4077 432 4149 (Archiv
444 4075 462 4129 f.
478 4075 571 4129 Kundc
591 4073 1112 4144 deterreichischer,Geschichtsquellem
1132 4072 1211 4126 1849.

42 4167 68 4220 IL
86 4168 174 4239 Johrg.
193 4171 214 4223 l.
233 4169 313 4222 fland.
335 4169 359 4222 1.
379 4168 432 4222 lllt.
453 4168 480 4222 S.
501 4166 561 4237 13.)
580 4166 675 4220 Leider
693 4166 727 4220 ist
740 4166 782 4219 die
801 4167 871 4228 Zeit,
897 4165 943 4218 der
968 4165 1061 4218 Zwech
1086 4163 1139 4218 und
1165 4163 1211 4216 das

42 4257 89 4311 Ziel
117 4261 202 4315 seiner
230 4260 307 4314 Reise
334 4259 430 4328 „ultro
453 4261 548 4312 morc“
577 4257 648 4312 nicht
672 4259 833 4326 angegebon.
865 4256 937 4310 Naeh
961 4255 1047 4310 seiner
1072 4254 1211 4308 Riickhehr

44 4350 129 4404 erhielt
146 4351 267 4406 lleinrieh
287 4351 321 4404 im
333 4352 440 4406 llloster
459 4351 502 4404 dio
521 4349 645 4418 bedingte
664 4349 810 4404 hutnahme
823 4348 875 4402 und
889 4346 977 4400 wurde
990 4347 1056 4400 noch
1070 4346 1116 4400 des
1130 4346 1210 4400 Abtes

42 4438 150 4494 Wezelin
169 4442 339 4510 Resignation
362 4441 421 4513 (dic
439 4441 572 4495 riellcicht
599 4443 665 4494 eben
684 4459 715 4493 uu
734 4438 880 4492 Heinrich’s
899 4439 1017 4492 Gunsten
1036 4435 1210 4506 geschehen)‚

44 4532 161 4598 ungeldhr
179 4531 205 4584 iu
223 4533 297 4587 blitte
316 4533 363 4586 des
381 4532 405 4587 J.
426 4533 495 4586 1231
524 4551 555 4586 nu
585 4532 679 4585 desscn
705 4531 865 4600 Nachtolger
884 4528 1008 4592 erwtihlt3
1040 4527 1103 4581 aber
1130 4527 1212 4580 sehon

45 4622 103 4676 nach
121 4623 204 4678 einem
222 4623 302 4679 Jahrc
321 4626 374 4680 trat
393 4641 422 4678 er
441 4624 467 4678 in
486 4623 537 4678 deu
555 4621 843 4678 Dominikanor-Ordeu
863 4622 935 4684 inber,
955 4619 1002 4676 dor
1019 4619 1131 4682 damals,
1151 4617 1210 4671 bald
