3074 5094
1169 426 1243 499 351

127 594 164 666 2)
184 597 279 652 Dieser
296 616 351 654 war
363 600 404 654 ein
418 600 520 669 Brirger
533 599 581 653 der
595 600 674 654 Stadt
688 601 764 655 Stein
787 619 819 655 an
842 600 890 655 der
910 601 1021 662 Danau,
1045 601 1097 654 und
1120 601 1198 654 stand
1216 601 1251 654 im

43 682 166 740 Dienste
182 687 230 741 des
243 689 347 743 Stiftes.
379 691 416 743 lm
428 690 509 744 Jahre
523 690 594 745 1300
607 691 687 744 reiste
707 709 736 744 er
758 692 825 744 nach
839 691 919 753 Rom,
948 691 1122 744 vermuthlich
1141 710 1183 745 um
1199 691 1249 744 den

42 791 110 826 rom
128 776 229 846 Papste
251 779 358 834 Bonilaa
372 780 436 833 l'lll.
454 798 509 834 zum
529 782 618 834 ersten
634 782 702 836 ltlale
723 781 864 834 ertlreilten
882 781 1119 836 dubilaumsahlass
1151 801 1183 835 au
1206 799 1251 836 er-

40 865 158 934 langen,
178 866 230 920 und
244 868 290 922 hat
303 870 344 922 bei
358 870 445 924 dieser
456 870 640 940 Gelegeoheit,
660 872 878 926 wahrscheinlich
894 873 941 925 auf
950 873 1067 926 Wunsch
1080 872 1248 925 undllosten

43 953 99 1007 des
114 956 201 1009 Abtes
213 956 338 1012 Heinrich
352 961 403 1023 lV.,
417 960 605 1030 vorliegenden
620 962 787 1016 Ablassbriel
803 962 846 1016 fair
869 978 950 1015 unser
963 962 1126 1015 Gottcshaus
1146 962 1251 1016 erwirlit

41 1045 102 1098 und
118 1043 308 1116 mitgebraeht.

593 1275 716 1383 mxx,

40 1423 129 1482 1³⁰⁰.
150 1425 194 1482 2⁵.
207 1425 272 1502 dull.
292 1427 442 1487 Tlrnsteln.
462 1462 495 1469 -
515 1431 628 1485 Leutold
641 1447 691 1484 von
704 1430 847 1498 Chunring,
866 1431 987 1484 eberster
999 1429 1105 1483 Schenlr
1118 1429 1144 1480 in
1157 1415 1249 1482 (leter-

44 1516 137 1578 reich,
152 1517 267 1586 bezeugt
279 1519 333 1572 und
347 1521 477 1590 nostotigt
490 1521 574 1575 durch
583 1521 751 1591 Anhangung
763 1521 850 1574 scines
859 1521 973 1589 Sicgels,
987 1519 1048 1572 dass
1060 1517 1113 1571 Ant
1126 1517 1248 1570 Heinrich
1309 1582 1311 1584 ,

42 1623 100 1660 ron
115 1607 252 1679 Gdttweig
265 1627 312 1664 aus
325 1612 487 1666 besoudercr
500 1613 603 1673 Gnade,
616 1613 663 1666 mit
676 1613 854 1682 Zustimmung
868 1612 915 1664 des
929 1628 1029 1680 gannen
1044 1608 1184 1670 Conventa,
1198 1607 1247 1660 den

42 1697 155 1750 Zehent
178 1717 228 1752 von
253 1700 356 1770 einigen
388 1702 547 1756 nameutlich
577 1703 751 1772 angeldhrten
773 1702 948 1769 Stiltsgiitern
978 1699 1029 1752 den
1056 1699 1121 1752 zuei
1141 1697 1247 1750 Sohnen

42 1787 104 1840 und
126 1787 192 1841 awai
212 1787 311 1842 Eukeln
332 1788 379 1843 des
405 1793 592 1845 verstorbenen
615 1791 743 1846 Kourad's
767 1809 816 1844 von
839 1791 1007 1845 Wollenreut
1028 1791 1067 1844 als
1085 1788 1249 1859 Leibgeding

524 1883 676 1936 dherlassen
696 1883 773 1936 habe.

583 1983 720 2044 [Original.]

144 2116 207 2180 Nos
224 2119 395 2183 Leotolclus
412 2118 449 2180 de
464 2119 637 2210 Chauriop
654 2120 803 2183 Pincerna
819 2118 939 2182 dustria
955 2119 1117 2202 generalis.
1142 2117 1250 2183 Notum

40 2225 177 2288 facimus
194 2227 321 2307 singulis
339 2247 374 2290 ac
390 2227 587 2310 singulariter
604 2229 755 2292 uniuersis
772 2233 945 2310 presentem
963 2228 1103 2312 paginam
1121 2227 1246 2311 inspee-

41 2334 144 2405 turis,
175 2333 252 2417 quod
276 2335 458 2399 venerabilis
478 2336 509 2398 in
536 2334 656 2399 Christo
680 2337 770 2399 Pater
792 2336 928 2399 dominus
953 2337 1125 2402 Heinrieos
1148 2334 1249 2398 Abbas

43 2439 272 2506 Chotwiceusis
302 2441 340 2505 de
362 2462 512 2507 consensu
541 2447 709 2508 conuentus
733 2444 778 2507 sui
807 2443 884 2508 hona
913 2445 989 2507 infra
1018 2445 1132 2526 scripta
1159 2443 1247 2506 uide-

44 2549 123 2612 licet
145 2549 224 2622 ista:
246 2549 278 2612 in
301 2551 484 2616 Hevtaleios
495 2545 524 2638 1)
548 2551 586 2616 de
600 2556 710 2636 quarto
730 2556 760 2616 et
784 2551 906 2615 dimidio
925 2550 1075 2615 beneficio
1095 2551 1247 2633 integram

46 2658 200 2722 decimam
206 2678 216 2730 ;
240 2659 270 2722 io
282 2656 390 2725 Peirolt
410 2658 439 2744 ²³)
458 2660 495 2724 de
512 2665 619 2746 quarto
636 2665 667 2724 et
684 2660 807 2724 dimidio
825 2659 974 2724 beneficio
990 2662 1138 2742 integram
1164 2659 1250 2723 deci·
1273 2705 1276 2712 .

47 2786 148 2842 mam,
174 2773 205 2830 et
228 2766 265 2830 de
289 2767 411 2832 dimidia
433 2789 520 2841 area;
544 2771 615 2832 item
633 2771 663 2833 in
679 2773 838 2835 Herroote
857 2767 885 2855 ⁸)
903 2769 941 2832 de
959 2768 1075 2832 duobus
1091 2766 1249 2832 beneficiis

48 2876 205 2958 integram
221 2876 368 2940 decimam
382 2899 391 2951 ;
414 2878 445 2940 iu
464 2879 673 2944 Teicdmoooe
689 2879 720 2964 ⁴)
743 2877 781 2941 de
798 2876 913 2941 duobus
930 2876 1085 2941 beneficiis
1102 2877 1249 2958 integram

47 2984 216 3056 decimam,
247 3005 306 3068 que
333 2985 371 3048 ad
397 2985 496 3068 ipsum
519 2991 551 3050 et
577 3008 664 3050 suum
690 2987 906 3049 monasterium
933 2986 1089 3049 vacatione
1116 2985 1250 3066 legitima

48 3093 173 3156 fuerant
186 3091 336 3164 deuolute,
350 3093 388 3155 de
405 3114 457 3158 sua
474 3095 571 3176 gratia
589 3099 620 3157 et
636 3093 827 3176 beneplacito
844 3094 980 3176 speciali,
998 3095 1130 3175 graciam
1146 3094 1250 3157 volens

47 3202 193 3284 preferre
208 3189 313 3281 rigori,
331 3201 484 3264 concessit
505 3179 609 3267 l'lra'oo
627 3208 657 3266 et
671 3202 810 3274 ailberto,
832 3201 901 3264 filiis
918 3203 967 3284 pie
985 3203 1127 3263 memorie
1146 3198 1249 3266 Clusin-

48 3307 184 3373 rodida
206 3309 354 3392 lllalfreot
371 3307 399 3395 ⁵)
423 3313 455 3372 et
476 3308 593 3372 duobus
617 3310 685 3372 liliis
709 3311 840 3394 ipsorum
864 3309 1033 3375 Cduorodo
1057 3317 1088 3371 et
1109 3291 1251 3373 Johonm'

47 3418 117 3479 iure
142 3415 300 3500 precario,
327 3417 406 3501 quod
428 3417 595 3498 uulgariter
617 3419 802 3506 leippedo'np
818 3417 943 3490 dicitur,
966 3416 1045 3478 bona
1068 3417 1186 3500 prefata
1210 3415 1249 3478 li·

47 3524 127 3589 bere
145 3529 175 3588 et
190 3525 292 3608 quiete
309 3525 347 3588 ad
363 3530 501 3609 tempora
518 3527 579 3589 uite
596 3548 661 3600 sue,
680 3527 753 3590 nulli
771 3524 918 3590 heredum
934 3525 1068 3608 ipsorum
1087 3524 1249 3588 conferens

48 3635 96 3696 ius
115 3633 237 3716 aliquod
253 3635 283 3696 in
306 3633 438 3709 eisdem,
463 3656 522 3720 que
545 3639 614 3718 post
637 3639 763 3698 mortem
781 3635 913 3716 ipsorum
936 3633 1001 3696 sine
1024 3633 1103 3694 omni
1127 3640 1247 3696 contra·

49 3741 186 3806 dictione
202 3761 448 3827 quorumeunque
464 3742 612 3808 heredum
629 3763 750 3806 suorum
774 3740 812 3804 ad
830 3741 1070 3805 Chotwieensem
1087 3741 1248 3804 ecclesiam

50 3851 149 3914 libere
165 3853 373 3921 reuertentur3
392 3855 422 3913 et
435 3853 503 3932 quia
516 3851 575 3914 hoc
586 3852 615 3912 in
627 3851 780 3934 presentia
792 3856 893 3914 nostra
906 3851 1016 3912 factum
1030 3869 1100 3912 esse
1114 3850 1248 3913 dinosci-

49 3965 109 4033 tur,
135 3979 189 4021 nos
213 3957 251 4021 ad
276 3960 450 4023 instanciam
478 3958 630 4021 arnharum
653 3958 781 4042 partium
806 3958 1006 4042 predictarum
1029 3977 1084 4040 pro
1110 3957 1247 4020 euitanda

50 4068 219 4151 calumpnia
249 4073 408 4151 presentes
431 4067 567 4130 dedimus
595 4066 711 4130 litteras
739 4072 840 4128 nostro
870 4066 972 4147 sigillo
1001 4066 1146 4140 munitas,
1179 4085 1246 4128 cum

49 4175 179 4238 testibus
196 4175 376 4238 subnotatis.
402 4175 460 4255 Qui
482 4180 574 4238 suut:
597 4175 745 4238 Aldertoo
761 4173 799 4236 de
820 4174 1021 4238 hollnstein
1036 4175 1182 4238 Alberteto
1207 4174 1245 4235 de

50 4285 234 4349 Lodnetaio.
259 4286 404 4370 Harpessos
427 4281 465 4345 de
488 4281 694 4367 Storhoderp.
722 4283 890 4346 Ludwioos
912 4282 949 4344 de
970 4283 1146 4347 Liclotnow.
1174 4281 1246 4343 ltem

50 4393 160 4455 milites
179 4392 290 4454 nostri:
315 4392 496 4454 Hodmooano
513 4394 543 4454 et
558 4391 739 4452 Hudmarua
757 4387 847 4474 (sic).
864 4391 1079 4476 Marquardue
1091 4389 1129 4452 de
1140 4390 1247 4453 Tawc-

50 4501 101 4563 tel.
127 4497 300 4563 Heinrieoa
313 4497 350 4560 de
362 4499 565 4584 Swelnpoclo.
590 4497 781 4560 Perhtolduo
796 4497 825 4558 io
838 4498 935 4583 Ripa.
953 4491 1117 4562 *Martinus
1130 4497 1168 4558 de
1180 4498 1245 4562 We·

49 4608 201 4689 eelndorf.
227 4607 370 4671 Ditodcuo
389 4602 519 4670 Grtiber.
547 4606 671 4671 Vlricus
683 4605 723 4668 de
735 4606 898 4676 Fcoetrita
917 4611 948 4670 et
965 4606 1014 4669 alii
1031 4604 1245 4691 quamplures.
