3076 5094
1169 356 1246 430 265

61 537 206 621 episcopo
227 537 259 600 in
283 535 455 600 concambio
478 535 612 609 tradidit,
639 556 706 600 cum
733 535 931 600 decimatione
956 535 994 600 de
1016 533 1131 598 eisdem
1161 534 1250 598 uillis.

62 647 228 710 Parroohie
244 647 276 709 in
292 645 371 718 loco,
389 645 439 730 qui
461 645 569 710 dieitur
594 645 740 714 Choloua,
764 645 842 727 apud
868 645 952 716 Gaio,
975 645 1119 707 terminus
1144 651 1191 706 est
1214 644 1252 707 de

63 751 282 844 Cholcbpmibi
296 773 393 838 usque
408 755 439 818 in
459 754 665 825 obizorboob,
688 754 726 817 de
743 773 800 838 quo
817 759 910 837 super
930 753 1133 842 Sworzipcrp
1155 773 1250 838 usque

61 864 100 928 ad
118 864 267 949 quandem
281 861 412 926 uillulam
428 864 607 930 Norcbonia
623 883 681 946 que
697 862 773 926 infra
791 861 917 926 eundem
933 864 1088 926 terminum
1106 868 1163 934 est,
1180 861 1251 925 inde

60 973 206 1056 usquein
223 992 337 1038 amnem
353 973 403 1055 qui
416 973 551 1056 focatum
569 973 688 1044 dicitur,
706 971 814 1036 deinde
831 972 867 1036 ad
884 971 1036 1035 cuiusdam
1052 973 1165 1037 nobilio
1180 975 1252 1056 pr'e-

59 1081 142 1144 dium
162 1083 288 1148 Gerumc
304 1080 376 1144 dicti
398 1082 578 1165 pertinentis
599 1081 635 1144 ad
652 1081 779 1144 uicinam
794 1081 982 1164 parrochiam
1002 1081 1104 1154 Wtin,
1121 1081 1191 1146 inde
1214 1081 1251 1143 ad

59 1191 250 1274 quorundam
266 1189 400 1273 predium
417 1191 541 1256 Ottonio
558 1197 589 1254 et
599 1191 773 1263 Pcrbtoldi,
787 1190 968 1254 marchionis
980 1191 1152 1277 Liodpoldi
1166 1191 1253 1254 mini-

60 1299 243 1372 sterialium,
258 1319 315 1383 que
328 1305 395 1363 sunt
407 1300 483 1364 infra
496 1300 632 1382 predicte
645 1299 804 1384 parrochie
816 1300 983 1363 terminum.
1001 1299 1071 1362 lnde
1084 1301 1114 1362 in
1127 1319 1252 1371 amnem,

57 1409 114 1492 qui
131 1409 202 1492 aopi
216 1411 352 1482 uocatur,
375 1413 407 1471 et
429 1429 545 1472 omnem
562 1409 823 1472 circumiacentem
846 1403 950 1472 siluam
967 1407 1077 1471 cultam
1097 1429 1191 1493 usque
1216 1407 1254 1470 ad

58 1522 155 1601 caput
174 1517 232 1580 riui
247 1517 371 1580 minoris
389 1518 557 1589 Obremiae,
582 1518 619 1582 de
635 1518 741 1580 minori
760 1519 921 1583 Chrcmiao
941 1537 1037 1602 usque
1058 1517 1095 1579 ad
1112 1517 1254 1580 maiorem

59 1626 274 1698 Cbrmniaom,
291 1646 397 1690 uersus
413 1627 574 1700 boemiam,
591 1626 695 1690 siluam
717 1627 793 1690 ultra
810 1627 965 1692 chremisa
981 1626 1120 1710 positam,
1143 1624 1253 1689 deinde

56 1737 173 1800 iterum
185 1735 312 1800 eandem
324 1734 429 1798 siluam
440 1735 547 1798 cultam
565 1741 595 1800 et
610 1734 750 1798 incultam
763 1755 858 1820 usque
875 1735 913 1798 ad
929 1755 1032 1799 cauum
1046 1734 1184 1818 lapidem,
1201 1733 1252 1819 qui

56 1845 168 1926 lingua
182 1845 294 1908 rustica
315 1843 591 1910 Timocleacbirobe
601 1826 726 1916 dicitur,
744 1847 774 1904 et
787 1861 901 1905 rursum
914 1863 972 1927 quo
983 1845 1080 1906 minor
1097 1825 1251 1908 chremisa

56 1955 207 2018 maiorem
219 1953 408 2020 obrcmiaom
423 1952 519 2016 influit
530 1953 715 2016 terminatur.
733 1951 894 2015 Parroohie
911 1951 948 2014 ad
966 1951 1098 2017 Cboliob
1110 1952 1253 2014 terminus

56 2083 172 2128 uersus
190 2061 379 2128 occidentem
394 2061 474 2125 inter
489 2061 628 2125 allodium
645 2061 824 2125 marchionis
840 2061 1012 2148 Limdpoldi
1026 2067 1055 2124 et
1072 2061 1254 2146 quorundam

54 2172 207 2236 nobilium
230 2169 420 2234 descendens
449 2192 465 2234 a
493 2171 639 2234 montenis
663 2173 693 2234 in
718 2169 887 2242 cebirmor,
915 2168 985 2233 inde
1008 2169 1045 2233 ad
1067 2166 1251 2240 mnidibocb,

55 2285 142 2346 iuxta
166 2299 254 2364 quem
278 2281 375 2344 riuum
399 2280 535 2343 ascendit
556 2279 593 2342 ad
616 2278 715 2342 uillam
730 2267 916 2352 amidibbcb,
933 2278 1004 2342 inde
1020 2279 1101 2342 uadit
1116 2279 1195 2344 accit
1216 2277 1252 2341 ad

8 2373 9 2376 Ἴ
55 2390 166 2454 uillam
187 2389 357 2466 Heimonie‚
380 2388 489 2453 dehinc
512 2389 549 2451 ad
570 2388 796 2459 meinaimbocb,
821 2409 908 2473 quem
925 2387 1082 2452 descendit
1098 2389 1135 2452 ad
1154 2387 1251 2450 riuum

52 2501 221 2572 Huriaoin,
249 2505 280 2561 et
297 2498 374 2562 hunc
394 2517 489 2584 usque
507 2497 544 2562 ad
564 2497 715 2570 aimicbo,
733 2517 821 2582 quem
838 2497 994 2562 descendit
1011 2496 1047 2560 ad
1063 2497 1249 2562 rodwonoo·

53 2611 153 2682 booh,
172 2615 202 2673 et
215 2609 284 2672 hino
300 2607 437 2670 ascendit
451 2627 548 2690 usque
564 2607 601 2670 ad
617 2607 758 2670 tumulum
769 2607 825 2691 ¹qui
842 2607 976 2670 excreuit
993 2607 1084 2689 nuper
1096 2608 1249 2694 wopreim,

51 2718 129 2782 inde
159 2717 283 2781 eandem
305 2714 490 2779 altitudinem
511 2715 594 2779 uadit
614 2715 651 2780 ad
674 2722 764 2801 caput
778 2717 914 2788 udiliae,
940 2716 1059 2806 indeed
1086 2718 1249 2798 proximum

52 2831 208 2898 montem,
232 2825 282 2910 qui
298 2825 429 2908 pertinet
453 2824 491 2887 ad
507 2826 662 2893 Hooiatot.
686 2825 762 2888 Hinc
778 2825 936 2890 descendit
951 2825 1030 2888 iuxta
1047 2824 1251 2890 cbrebizbocb

51 2937 85 3000 in
97 2933 254 3022 pielobo,
272 2953 360 3017 quern
376 2934 485 2998 transit
501 2939 584 2997 recto
600 2934 693 2998 limite
709 2934 746 2997 ad
763 2934 955 3004 cointilcccm
972 2933 1124 2997 interduo
1142 2933 1250 2998 allodia

50 3043 243 3108 marchionis
267 3042 421 3108 mochori
441 3047 472 3106 et
494 3043 670 3130 Piliprimi,
692 3043 762 3106 inde
785 3049 870 3106 recta
887 3041 966 3104 linea
989 3042 1026 3105 ad
1041 3043 1248 3117 Biobimooeit,

51 3153 170 3218 deinde
187 3151 222 3214 ad
241 3157 331 3235 caput
342 3153 485 3224 Pielobo,
503 3152 574 3215 inde
586 3173 643 3236 per
656 3151 842 3215 altitudinem
856 3156 1023 3214 montanam
1036 3151 1144 3216 transit
1156 3173 1250 3235 super

50 3261 256 3337 otenberch,
279 3265 309 3324 et
332 3259 370 3324 de
392 3261 575 3326 steinbercb‘
593 3263 672 3325 inter
694 3260 801 3324 allodia
827 3259 1007 3324 marchionis
1023 3261 1198 3348 Liudpoldi
1220 3271 1250 3325 et

51 3371 245 3458 quorundam
263 3367 406 3432 nobilium
421 3372 586 3434 reuertitur
602 3371 631 3432 in
644 3371 740 3432 riuum
752 3371 916 3434 cebirmar.
935 3367 1082 3453 Quicquid
1099 3371 1177 3434 infra
1190 3370 1247 3434 hec

49 3484 140 3546 iacet
165 3478 236 3542 culti
258 3483 289 3542 et
311 3479 430 3550 inculti,
454 3479 492 3542 ad
517 3479 675 3542 ecclesiam
701 3479 832 3544 Cbotiob
854 3479 994 3560 pertinet.
1023 3478 1186 3544 Parroohie
1211 3479 1249 3543 ad

50 3588 203 3676 Pyricbo
218 3587 374 3650 terminum
392 3607 499 3650 uersus
516 3578 703 3651 occidentem
723 3587 906 3652 Treiaimom
921 3587 1041 3651 tluuium
1058 3589 1095 3652 ah
1112 3592 1179 3652 ortu
1195 3609 1248 3652 suo

51 3717 159 3781 usque
183 3695 219 3759 ad
238 3695 335 3759 uillam
352 3719 377 3760 a.
401 3697 517 3784 ypoliti
539 3695 646 3772 hahet,
670 3701 701 3758 et
721 3696 790 3759 inde
812 3697 888 3758 uiam
908 3697 1174 3779 septentrionalem
1190 3717 1248 3782 que

51 3808 144 3872 ducit
161 3806 198 3870 dc
209 3828 234 3869 a.
247 3805 368 3891 ypolito
385 3805 421 3868 ad
437 3805 592 3889 mcbtyria
604 3825 658 3888 per
675 3804 775 3874 uillam
786 3807 942 3894 -woprcin,
957 3810 988 3868 ct
1003 3826 1057 3890 per
1072 3806 1175 3868 siluam
1190 3826 1247 3890 que

50 3922 184 3982 uocatur
199 3912 368 3984 oorobocb,
383 3912 492 3977 deinde
509 3913 546 3976 ad
556 3913 654 3976 uillam
669 3915 839 3988 aibibirtio,
854 3915 963 3980 deinde
976 3915 1054 3979 inter
1068 3915 1125 3978 duo
1139 3914 1247 3979 allodia

55 4023 230 4092 Williberti
244 4026 275 4084 et
292 4023 441 4088 Woltonia
459 4024 488 4084 in
504 4021 604 4085 uillam
624 4024 745 4088 Tmirin.
763 4045 870 4088 uersus
887 4025 1031 4088 orientem
1043 4024 1246 4090 Percniobom

49 4132 95 4198 ah
112 4137 182 4195 ortu
200 4149 253 4194 suo
270 4149 365 4214 usque
388 4131 425 4193 ad
443 4129 542 4193 uillam
555 4117 663 4202 ivirio,
677 4152 785 4195 uersus
803 4133 961 4195 australem
979 4137 1094 4216 partem
1111 4133 1247 4197 semitam

49 4262 117 4326 que
131 4245 255 4304 uocatur
268 4239 436 4320 Pcobatiob
447 4242 527 4303 inter
544 4239 670 4303 confinia
684 4239 860 4306 allodiorum
872 4239 1080 4316 Morobiomio,
1092 4241 1248 4306 Hederici

51 4356 89 4415 et
104 4343 241 4433 Rbdotfi,
259 4348 345 4410 etita
362 4369 467 4412 uersus
485 4349 686 4422 corinthium,
710 4349 852 4436 quicquid
867 4349 944 4412 intra
961 4349 1017 4412 hos
1039 4349 1180 4412 terminos
1199 4356 1246 4414 est

51 4459 131 4524 culti
148 4462 179 4520 et
195 4456 309 4531 inculti,
327 4457 364 4520 ad
379 4457 568 4541 parrochiam
589 4458 732 4542 Pyricbo
747 4457 925 4542 pertinebat.
943 4458 988 4522 Oh
1007 4457 1089 4521 cuius
1111 4457 1245 4522 latitudi-

49 4588 124 4636 nem
146 4567 328 4632 necessitate
345 4566 453 4631 ductus
474 4588 532 4651 ego
553 4567 762 4654 Repinmarua
778 4567 826 4630 dei
841 4568 938 4649 gratia
955 4567 1138 4652 patauiensis
1159 4568 1243 4653 epie-
