3074 5094
1183 370 1259 442 337

64 528 115 592 alii
134 549 222 614 quam
245 532 358 614 plnres.
384 533 458 596 Aeta
481 538 551 597 sunt
567 535 625 599 hec
649 536 678 598 in
698 538 866 604 Chotwicc.
897 543 981 605 Anno
997 542 1146 606 dominice
1161 543 1263 606 incar·

64 637 204 700 nacionis
231 638 283 702 m.
313 638 382 704 00⁰.
412 641 540 705 LXXX⁰.
574 647 669 706 sexto.
700 645 865 711 Indictione
896 649 1006 712 xnrr.
1042 650 1092 732 xij.
1131 650 1259 714 Kalend.

62 746 200 828 Augusti.

134 888 183 941 Die
210 888 317 960 Siegel:
352 891 487 948 Leutoldi
509 892 544 948 de
570 893 718 966 Oburrrinp
745 896 848 950 cummi
874 897 1017 953 Pincerne
1044 899 1161 954 Austra'e
1188 901 1257 956 und:

59 975 175 1030 Atrami
187 976 222 1032 de
239 980 440 1048 Herbeipetoa'n
453 982 512 1037 sind
525 988 575 1053 gut
588 986 715 1040 erhalten.
730 1017 764 1025 -
785 987 922 1041 Letzteren
934 989 1037 1042 etiitete
1057 989 1113 1043 sich
1132 990 1166 1043 im
1179 991 1259 1044 dabre

60 1066 134 1121 1288
153 1065 187 1120 im
206 1069 314 1125 Ktoster
332 1072 414 1125 Zwetl
433 1073 509 1126 einen
536 1074 658 1146 Juhrtag.
679 1075 771 1147 (Linh,
786 1075 878 1134 Annal.
897 1078 989 1131 ZwetI.
1013 1080 1033 1134 I.
1053 1097 1079 1149 p.
1099 1080 1161 1134 463.
1177 1110 1207 1119 —
1224 1082 1258 1136 ci.

60 1157 217 1222 Itanthuter,
250 1160 361 1217 Recens.
385 1161 497 1234 11.ro.)
538 1150 610 1217 Uber
638 1166 903 1235 Hertweigstein
931 1167 1157 1239 (Hartwicstain),
1183 1169 1256 1223 siche

62 1247 214 1302 scitetur.

584 1467 725 1539 LXVIII.

59 1615 134 1688 1288,
154 1617 193 1674 II.
211 1617 296 1689 April.
316 1617 466 1692 somnne.
487 1651 520 1660 -
541 1621 634 1675 Siboto
647 1639 697 1676 von
717 1623 840 1677 brnstcin
854 1628 980 1679 ernouert
992 1625 1046 1678 und
1059 1625 1257 1694 gentihrleistet

59 1705 101 1759 die
121 1725 172 1760 von
192 1707 281 1763 seiner
293 1710 391 1764 Mutter
410 1711 592 1782 goscbebenc,
610 1729 660 1766 ron
680 1711 732 1766 ibm
751 1714 816 1768 aber
828 1714 1041 1768 widerreehtlich
1061 1717 1254 1785 angestrIttcne

57 1795 220 1866 EntIassnng
238 1799 292 1851 und
306 1789 444 1871 Ubergabe
463 1802 511 1856 des
525 1801 630 1855 IIonrad
644 1803 783 1872 Hrtrnpach
804 1820 853 1858 ron
866 1805 1063 1858 Dietmarsdorf
1079 1810 1172 1858 sammt
1191 1805 1257 1858 aller

275 1890 557 1946 Nacbhommenscbait
576 1911 634 1946 num
654 1893 831 1948 Gottesbausc
851 1894 876 1947 in
896 1895 1038 1964 Gdttwcig.

588 2001 727 2063 [oignon]

147 2153 258 2217 Notum
283 2155 323 2217 sit
352 2156 502 2218 uniuersis
533 2155 727 2240 presentibus
756 2160 787 2218 et
815 2157 921 2220 futuris
955 2158 992 2222 ad
1022 2177 1097 2242 quos
1129 2177 1257 2240 presens

56 2263 207 2346 scriptum
220 2265 407 2346 peruenerit,
425 2265 502 2347 quod
516 2264 581 2345 Ego
599 2264 707 2329 Siboto
725 2264 824 2328 dictus
842 2265 880 2327 de
891 2265 1042 2330 Arnsteia
1056 2266 1259 2331 Chonrudum

52 2372 237 2457 Humpacb
253 2371 291 2434 de
306 2371 577 2458 Dietmarstorf1)
603 2393 669 2436 cum
687 2371 823 2436 omnibus
840 2373 1005 2436 heredibus
1022 2373 1086 2436 suis
1104 2375 1162 2436 iam
1178 2374 1256 2437 natis

57 2481 138 2543 etin
167 2487 320 2562 posterum
345 2479 505 2543 nascituris
532 2479 570 2543 ob
600 2483 680 2544 omni
707 2467 811 2544 debito
840 2481 995 2544 seruitutis
1022 2500 1151 2545 unacum
1178 2482 1254 2544 meis

57 2587 266 2652 coheredibus
279 2588 376 2652 tibere
388 2588 532 2658 relaxant,
549 2589 646 2674 ipsum
662 2589 868 2656 Chunrudom
881 2593 912 2651 et
924 2610 1027 2653 omnes
1041 2609 1112 2652 suos
1125 2589 1254 2652 heredes

50 2697 200 2761 Ecclesie
211 2695 302 2759 beate
314 2696 411 2759 Merie
422 2697 452 2758 in
467 2697 625 2764 Chotaoico
643 2696 680 2760 ob
694 2697 903 2760 remissionem
916 2704 1109 2780 peccatorum
1122 2716 1255 2761 meorum

52 2825 90 2868 ac
109 2808 268 2888 parentum
284 2824 417 2870 meorum
430 2804 596 2869 voluntarie
613 2803 777 2869 offerendo.
795 2804 1029 2886 Recognoscens
1043 2806 1255 2888 inpensionem

51 2933 155 2976 meam
173 2933 231 2997 qua
248 2914 345 2997 Ipsum
367 2909 502 2976 indebite
527 2911 713 2997 inpetebam,
729 2911 911 2976 nullomodo
927 2915 993 2978 fore
1010 2913 1141 2978 debitam
1157 2933 1256 2998 neque

49 3026 174 3094 iustam,
199 3040 266 3084 cum
288 3019 435 3103 quondam
453 3039 536 3084 meus
554 3020 684 3084 dilectus
702 3019 830 3084 Genitor
857 3021 994 3086 dominos
1014 3022 1097 3093 Otto,
1121 3041 1253 3084 necnon

49 3149 121 3192 mea
149 3129 319 3211 predilecta
349 3127 485 3193 Genitrix
509 3129 628 3193 domina
653 3129 831 3194 Gerdrodis
858 3147 925 3192 cum
955 3127 1091 3191 omnibus
1118 3129 1251 3212 ipsorum

51 3236 220 3300 heredibus
237 3241 394 3321 prenotate
410 3237 553 3302 Ecclesie
569 3239 667 3321 ipsum
686 3237 890 3301 chunradum
906 3235 1070 3299 obtulerint
1087 3237 1251 3299 manumis-

49 3364 120 3409 sum
138 3349 301 3428 spontanea
314 3345 477 3409 voluntate.
502 3345 548 3410 Ne
564 3348 658 3429 igItur
673 3345 808 3428 prefatus
828 3343 1017 3409 Choaraduo
1033 3349 1083 3407 aut
1100 3345 1144 3406 sui
1158 3343 1251 3407 here-

49 3453 108 3518 des
141 3473 198 3535 per
227 3472 275 3516 me
300 3458 350 3517 aut
374 3474 460 3517 meos
485 3454 654 3518 coheredes
676 3451 821 3517 videlicet
848 3451 973 3515 fratrem
995 3457 1045 3516 aut
1071 3471 1193 3515 sorores
1222 3459 1252 3515 et
1285 3515 1289 3520 .

49 3565 191 3646 ipsorum
202 3561 343 3633 heredes,
360 3565 411 3626 aut
427 3581 511 3624 meos
525 3561 667 3632 heredes,
685 3562 710 3623 si
728 3580 803 3644 quos
817 3560 847 3622 in
861 3565 1013 3642 posterum
1026 3581 1075 3624 me
1089 3560 1252 3642 contigerit

49 3688 235 3754 procreare,
258 3669 383 3733 alicuius
405 3671 587 3750 grauaminis
616 3669 785 3734 molestiam
808 3688 863 3752 pro
887 3669 1078 3752 impeticione
1096 3667 1249 3733 seruitutis
1328 3653 1332 3658 ⁸

49 3776 213 3862 prehabito
237 3777 267 3840 in
289 3782 443 3861 posterum
472 3779 638 3860 paciantur,
671 3776 821 3860 prelibate
849 3777 990 3842 Ecclesie
1022 3797 1078 3840 nec
1108 3797 1167 3840 non
1191 3779 1251 3860 ipsi

50 3885 226 3951 Cbunrado
249 3886 409 3967 prehabito
434 3890 465 3948 et
488 3886 550 3948 suis
573 3884 737 3948 heredibus
760 3906 816 3968 pro
843 3884 970 3976 Centum
993 3886 1104 3949 marcis
1123 3885 1249 3966 Argenti

50 3993 237 4056 wiennensis
260 3993 405 4076 ponderis
429 3993 527 4056 statIm
550 3971 763 4076 persoluendis
787 4013 835 4055 me
861 3999 891 4056 et
914 4013 1017 4056 omnes
1035 3995 1249 4076 possessiones

48 4121 137 4163 meas
168 4101 339 4164 industria
367 4103 440 4166 sItas
468 4101 529 4164 fide
558 4101 627 4165 data
654 4101 792 4165 manibus
815 4103 926 4166 domini
946 4103 1094 4167 Heinrici
1115 4102 1187 4166 dicti
1210 4102 1249 4166 do

48 4209 214 4296 Meorlinp
244 4215 314 4274 tunc
343 4209 525 4274 venerabilis
549 4209 673 4274 Abbatis
696 4209 895 4293 prenominati
918 4209 1092 4274 Monasterii
1118 4208 1249 4292 obligaui

48 4318 111 4381 hoc
128 4317 239 4390 addito,
257 4317 336 4401 quod
353 4319 419 4401 ipse
438 4317 626 4383 chonradus
638 4338 673 4380 ac
690 4318 736 4380 sui
752 4318 883 4382 heredes
900 4317 1038 4382 libertate
1056 4318 1113 4382 sibi
1129 4339 1185 4403 per
1200 4340 1249 4382 mc

49 4446 87 4489 ac
104 4445 189 4488 meos
207 4426 374 4489 coheredes
383 4426 492 4490 tradita
510 4430 541 4489 ct
553 4445 699 4488 concessa
715 4425 812 4490 libere
825 4427 1026 4510 perfruantur.
1038 4427 1247 4492 Verumtamen

49 4537 78 4600 si
106 4533 217 4619 aliquis
243 4535 375 4617 ipsorum
402 4533 584 4598 coheredum
615 4533 734 4598 scilicet
758 4535 854 4598 frater
883 4539 933 4600 aut
959 4555 1081 4600 sorores
1104 4556 1161 4600 nec
1189 4557 1247 4602 non

97 4672 193 4717 Fontes.
211 4672 239 4715 X.
994 4660 1030 4713 22
