3094 5094
245 333 296 405 86

241 511 305 576 Leo
328 511 368 574 de
388 508 534 591 ouudorfi
566 509 757 574 Hurtwious.
788 509 959 577 Heiorious
979 511 1044 595 filit
1063 509 1210 598 adarpert
1228 509 1270 574 do
1295 506 1445 590 noudum

245 617 442 685 Odunradus.
471 617 643 700 Gotfridus.
670 595 850 684 dustanus.
876 618 920 681 Da
946 617 1058 683 familia
1080 623 1181 682 nostra
1205 617 1383 685 Hemone
1406 615 1449 680 da

242 728 325 814 pult.
350 723 558 790 Eberhardus
577 725 618 789 de
640 727 836 810 rutottsdorf.
866 727 1035 792 Pertoldus
1056 728 1218 792 domantur.
1244 725 1449 790 Heridordus

246 855 348 900 eunus.
372 833 543 898 Heinatous
557 833 695 899 uillicum.
720 835 884 917 liudolfus.

743 1017 950 1092 cccxxxss.

109 1147 112 1158 ¹
199 1217 203 1230 ,
335 1155 446 1220 Notum
463 1155 503 1218 sit
517 1161 575 1219 tam
593 1156 784 1239 presentibus
801 1177 888 1242 qnam
904 1157 1013 1222 suturis
1026 1156 1238 1242 quodquidam
1252 1157 1452 1224 cuonradus

246 1269 287 1333 de
305 1265 500 1350 Wsilndorf
508 1266 718 1329 consentiente
740 1287 845 1331 umore
855 1287 914 1332 suo
929 1265 1037 1331 Aliaeu
1051 1266 1170 1329 ninoam
1186 1268 1283 1354 apud.
1299 1265 1334 1330 S.
1350 1266 1450 1332 Mur-

245 1375 413 1462 parotdum
437 1375 569 1438 Mutum
596 1372 715 1436 cultam.
740 1373 773 1436 S.
795 1373 889 1438 Maris
916 1373 984 1438 loon
1012 1373 1191 1437 kotwicensi
1213 1373 1253 1438 oh
1276 1374 1451 1437 remedium

247 1485 346 1547 anime
374 1501 428 1546 sne
457 1486 525 1564 post
544 1480 658 1544 obitum
681 1501 766 1544 snum
792 1482 971 1545 seruituram
993 1482 1128 1545 tradidit.
1151 1483 1208 1546 snb
1230 1482 1278 1548 his
1299 1481 1450 1550 testibus.

250 1592 363 1659 Wiriut
386 1591 426 1654 do
453 1589 578 1654 oetaeis.
602 1590 774 1676 Hordspa'n.
798 1591 969 1655 Heinrtmo
992 1590 1167 1674 dersoostil.
1195 1591 1267 1656 Otto
1283 1591 1452 1678 piscator.

249 1701 403 1785 liudolfus
418 1697 566 1782 omnifer.
589 1697 726 1785 Liupolt.
750 1690 865 1762 stddor.

739 1882 962 1955 cccxxxiii.

340 2023 378 2088 Vt
394 2041 466 2106 erga
483 2041 538 2084 nos
553 2019 657 2084 habita
673 2039 766 2104 opera
782 2022 831 2105 pie
847 2021 1026 2086 deuotionis.
1043 2022 1081 2086 ad
1097 2024 1239 2088 noticiam
1262 2025 1456 2108 perueniant

248 2135 348 2198 intnre
365 2130 582 2215 generationis.
606 2129 706 2194 officia
729 2129 893 2196 litterarum
909 2133 979 2196 sunt
995 2129 1177 2196 adhibenda.
1195 2137 1340 2217 quatenns
1356 2131 1455 2198 debi-

248 2247 347 2306 tornm
370 2244 539 2303 nostrorum
563 2239 707 2310 memoria
730 2237 783 2300 fiat
806 2237 1000 2323 solempnior.
1029 2243 1059 2302 et
1082 2239 1139 2303 snb
1162 2241 1285 2324 seriptis
1310 2239 1452 2304 testibus

250 2353 383 2436 ipsarum
411 2347 498 2412 nobis
529 2366 631 2409 rernm
657 2346 779 2410 traditio
808 2349 848 2410 sit
874 2346 996 2410 firmior.
1038 2347 1186 2412 Nonarint
1217 2349 1308 2430 igitur
1340 2369 1454 2413 omnes

253 2459 384 2524 ecelesia
401 2455 464 2520 filii.
482 2455 562 2539 qnod
577 2455 667 2519 miles
683 2456 810 2542 quidum
827 2476 871 2520 eu
882 2456 1020 2539 familia.
1043 2456 1171 2521 domini.
1192 2458 1228 2522 0.
1246 2459 1285 2522 de
1299 2458 1457 2523 minuen-

253 2568 334 2634 baod
350 2567 470 2630 nomine
489 2563 690 2630 Werinlterus
705 2565 736 2626 in
751 2563 832 2628 leeto
849 2563 950 2626 obitus
973 2563 1019 2628 sni
1042 2565 1161 2628 nineam
1187 2565 1308 2630 uonelle
1330 2564 1460 2650 planta-

251 2676 354 2740 tionis.
380 2673 466 2737 nobis
490 2693 545 2756 pro
567 2671 701 2734 remedio
726 2673 826 2735 anime
848 2691 913 2734 sne.
938 2674 969 2734 et
990 2673 1118 2735 omnium
1146 2679 1302 2756 parentum
1329 2695 1462 2738 snorum

253 2783 388 2847 tradidit.
421 2780 502 2844 Hane
523 2762 553 2842 in
579 2781 627 2843 die
650 2779 805 2863 sepulture
833 2780 898 2842 eius
925 2779 1025 2844 uidua
1048 2781 1116 2844 mus
1137 2783 1263 2846 nomine
1284 2783 1403 2847 Ellioa.
1429 2787 1463 2846 et

252 2893 339 2978 filius
361 2889 500 2954 eiusdem
522 2889 618 2953 uidua
637 2889 764 2953 nomine
786 2888 943 2952 Aldertus.
964 2889 1140 2976 principuus
1163 2891 1287 2956 seilicet
1300 2892 1460 2974 domnae.

256 3002 321 3064 iure
338 2997 534 3081 proprietatis
551 3016 643 3078 snper
660 2997 753 3059 altare
770 2997 859 3060 beate
875 2996 970 3058 Marie
987 2995 1207 3079 deliganerunt.
1232 2999 1289 3062 suh
1311 2999 1460 3063 testibus.

257 3129 332 3193 qnos
361 3108 391 3169 in
420 3104 555 3188 presenti
582 3103 797 3168 subiunximus.
830 3105 1018 3169 Chunrudus
1042 3107 1225 3170 canonieus.
1248 3107 1397 3172 Riwinue
1420 3109 1462 3173 ds

257 3216 480 3304 saliqinderqe.
497 3213 676 3300 Rudiperus
691 3215 731 3278 de
746 3214 952 3296 ricdersdmf.
970 3214 1142 3279 Heiurioua
1155 3215 1339 3280 Zwuimom.
1356 3217 1461 3282 Hein-

258 3327 345 3392 rious
362 3325 531 3388 hausurus.
548 3323 728 3409 Budiperus
744 3321 941 3388 cellerarius.
963 3323 1187 3388 Weoinluordus
1202 3325 1242 3388 de
1255 3325 1461 3392 minuebant.

264 3431 490 3500 werinhardus
512 3431 553 3494 de
568 3431 763 3517 fludsprunn.
796 3429 982 3495 counrado
1007 3431 1099 3494 Zant.
1123 3433 1248 3497 Altero.
1273 3434 1463 3500 mmmm

260 3545 301 3610 do
314 3538 513 3607 miuneduels.
536 3539 651 3604 Altero
663 3541 770 3622 frater
785 3537 854 3602 eius
870 3537 911 3602 de
925 3538 1068 3602 Kottans.

753 3720 972 3794 CCCXXXIV.

350 3865 391 3930 vt
414 3865 462 3949 pia
485 3861 619 3928 fidelium
641 3861 763 3927 deuotio
784 3866 921 3947 prompto
949 3862 1063 3925 fauoris
1087 3867 1226 3927 teneatur
1248 3865 1363 3930 studio.
1382 3866 1464 3932 litto-

261 3995 360 4038 rarnm
377 3973 464 4037 nohis
481 3973 660 4036 assumimus
676 3973 857 4035 testimonia.
874 3975 905 4034 nt
921 3969 1053 4033 exhibite
1068 3970 1156 4034 nobis
1178 3969 1353 4038 deuotionis
1369 3975 1465 4042 bena·

261 4083 341 4148 fluia.
365 4100 514 4164 nunqnam
539 4101 554 4142 a
579 4099 789 4144 sneoessornm
806 4083 976 4142 nostrornm
996 4078 1134 4144 odioiosa
1151 4079 1289 4143 deleatur
1305 4085 1463 4149 memoria.

262 4191 391 4254 Nouerit
406 4190 500 4272 igitur
515 4189 649 4273 prudens
664 4189 823 4271 generatio
845 4188 1030 4271 querentium
1054 4189 1212 4251 ueritatem
1237 4193 1269 4250 et
1291 4189 1464 4255 inauribus

261 4301 389 4364 fitiorum
405 4299 531 4382 loquens
549 4297 730 4360 transmittat
745 4296 782 4359 ad
800 4315 916 4359 omnem
933 4299 1073 4378 nepotum
1097 4315 1219 4359 snorum
1240 4299 1464 4380 posteritatem.

263 4409 343 4496 qnod
365 4408 491 4495 quedam
512 4415 658 4474 matrona
680 4406 807 4470 nomine
827 4404 940 4470 Juditu
963 4403 1035 4488 filiu
1060 4404 1184 4469 oannis
1211 4407 1252 4470 do
1276 4405 1466 4496 Odurnderp

264 4542 352 4586 uuor
377 4517 525 4584 Heioriet'
554 4516 594 4581 de
623 4515 826 4581 Chartatetin.
858 4511 1038 4576 benefiuinm
1069 4512 1218 4595 quoddam
1249 4515 1330 4596 apud
1364 4515 1466 4579 uittam
