3094 5094
1197 403 1247 476 83

64 577 294 665 Mepindordos.
317 580 486 645 Heinrioos
502 580 667 644 deceroto
684 579 758 644 Viro.
783 579 954 645 Heinricus
970 581 1010 644 de
1027 579 1249 666 cincindereir.
1342 563 1343 569 ἵ

67 685 129 751 Otto
143 689 172 749 et
185 688 295 770 frater
310 687 378 752 eiua
392 688 506 754 Aldero
530 687 571 752 de
589 687 788 774 gcmcidaelr.
818 688 939 754 Wrieus
960 690 1001 754 de
1015 688 1119 753 eetriz.
1141 687 1253 752 Wrrim

65 793 101 858 de
110 795 191 880 poli.
208 794 307 859 etalii
324 815 411 880 quam
427 797 541 878 plures.

567 981 745 1090 cccxmr.

147 1118 246 1198 Digne
263 1119 293 1181 in
310 1120 482 1182 memoriam
504 1123 564 1182 tam
587 1119 739 1202 presentis
764 1139 851 1202 quarn
875 1119 975 1183 future
997 1122 1085 1184 etatis
1102 1120 1253 1184 hominum
1346 1100 1349 1107 ¹

63 1227 280 1290 transferuntur
301 1225 480 1289 donationes
505 1226 647 1290 fidelium.
670 1231 703 1290 ut
718 1226 850 1310 posteris
867 1225 918 1290 fiat
934 1227 971 1290 ed
988 1227 1079 1291 robur
1095 1225 1254 1291 confirma·

64 1332 156 1396 tionis.
182 1334 303 1398 curiosa
325 1335 466 1398 memoria
492 1336 689 1420 antiquitatis.
720 1335 830 1398 Notum
852 1335 953 1420 itaque
976 1337 1092 1400 cunctis
1115 1335 1253 1400 facimus.

63 1442 136 1524 quod
153 1441 346 1508 Chonrcdoo
361 1447 393 1505 et
411 1444 577 1530 Geronpcs
592 1445 633 1508 de
647 1443 835 1508 Botenatcin
856 1464 996 1508 sororem
1020 1465 1111 1509 scam
1135 1444 1170 1508 in
1192 1444 1256 1508 col-

63 1549 141 1636 legio
156 1571 302 1616 sororum
317 1557 499 1615 nostrarum
513 1553 637 1639 suscipi
650 1553 864 1639 optinuerunt.
883 1552 920 1614 ed
943 1553 1029 1616 cuius
1045 1551 1209 1643 subsidium
1227 1554 1258 1614 et

63 1657 184 1721 aliorum
203 1657 260 1720 deo
277 1657 327 1722 hic
343 1659 539 1722 seruientium
563 1661 700 1743 predium
726 1679 829 1722 eorum
852 1661 931 1745 quod
950 1661 1131 1747 Gunzinpeo
1147 1659 1258 1722 dicitur

63 1787 127 1830 cum
144 1767 262 1830 eisdem
280 1767 424 1830 limitibus
441 1772 472 1830 et
488 1769 624 1832 terminis
638 1769 746 1853 quibus
762 1768 882 1852 quidam
894 1770 1079 1834 cremares
1096 1767 1175 1831 idem
1187 1786 1259 1850 pre-

63 1873 140 1938 dium
168 1875 351 1960 possederat
377 1897 469 1958 super
494 1877 588 1940 altore
615 1875 704 1940 beate
729 1876 824 1940 Marie
852 1876 1050 1941 tradiderunt.
1088 1876 1181 1941 Huius
1213 1876 1258 1938 rei

61 1985 154 2048 testes
171 1988 270 2047 sunt.
308 2031 315 2046 .
353 2033 360 2046 .
398 1989 565 2064 .(desunt).

566 2134 760 2205 cccxxiii.

152 2271 267 2334 Contra
285 2271 418 2336 morbum
435 2272 595 2336 obliuionis
612 2272 722 2336 litteris
739 2272 920 2352 adigendum
938 2293 1107 2337 censemus.
1132 2275 1261 2358 qualiter

60 2381 176 2446 nobilia
191 2387 339 2444 matrona
354 2382 432 2446 Jora
448 2381 573 2446 nomine
587 2382 627 2444 de
645 2380 841 2466 Gcmizpaoit
864 2381 894 2443 in
919 2381 1107 2464 depositione
1126 2383 1190 2467 filii
1210 2383 1263 2446 aci

59 2485 271 2553 ddelderonis
286 2489 404 2550 uincam
421 2509 508 2572 quam
520 2489 590 2554 iore
602 2489 693 2554 ciuili
703 2495 785 2575 aput
794 2489 889 2554 sanilo
905 2490 1092 2572 possederat.
1111 2491 1149 2555 ob
1161 2511 1262 2554 reme-

60 2595 139 2660 dium
156 2597 258 2660 anime
273 2616 328 2658 sue
339 2597 519 2684 fratrisque
533 2598 586 2662 eui
598 2597 721 2661 Ottom's
737 2617 829 2680 super
846 2595 939 2660 altare
952 2597 1114 2684 delegauit.
1140 2599 1189 2662 Hii
1206 2619 1263 2684 per

59 2724 164 2767 aurem
181 2707 279 2768 testes
296 2709 366 2768 sunt
382 2705 479 2768 asciti.
511 2705 561 2768 De
578 2701 723 2792 Chaildpe
737 2705 899 2770 Dietrieoe
914 2729 1065 2795 coporos.
1088 2709 1263 2794 Liupoldoc

59 2813 98 2877 de
114 2813 285 2900 alriepocd
302 2819 334 2877 et
344 2814 431 2898 filice
447 2814 524 2878 eius.
549 2813 684 2880 Wiriatio
695 2814 735 2877 de
745 2814 849 2899 polilt.
866 2815 1090 2882 Herimannce.
1109 2815 1261 2904 Ricdper.

57 2921 269 3010 Peringeroo.
286 2921 438 3005 Sifridca.

569 3071 762 3143 cccxxiv.

152 3209 246 3272 Filiis
270 3211 320 3292 qui
342 3213 505 3273 nascentur
529 3213 560 3274 et
581 3213 729 3292 exurgent
750 3207 806 3272 sub
828 3209 967 3274 finnitate
983 3213 1135 3294 presentis
1152 3213 1268 3295 scripte

56 3320 176 3401 pagine
204 3322 347 3381 constare
372 3318 519 3383 uolumus.
543 3319 623 3402 quod
647 3317 766 3400 quidam
787 3320 1037 3406 Enpelscdclcca
1058 3323 1099 3386 de
1119 3323 1267 3386 Rooeoez.

57 3425 97 3490 ob
122 3424 297 3488 remedium
320 3426 417 3505 anime
444 3446 499 3490 sue
521 3429 638 3489 uincam
663 3426 842 3490 kotwicensi
864 3429 991 3491 contulit
1015 3427 1157 3492 ecclesie.
1183 3431 1269 3492 cuius

57 3539 131 3618 post
160 3538 294 3598 mortem
319 3555 407 3599 eaor
430 3535 498 3600 eico
520 3555 589 3599 com
607 3535 675 3620 filio
699 3535 868 3600 Cdonrcdo
891 3536 1015 3598 eandem
1039 3537 1158 3600 uineam
1181 3535 1270 3600 dele-

57 3648 165 3727 gatam
196 3641 333 3704 ecclesie
355 3641 484 3706 firmauit
506 3647 537 3705 et
559 3643 595 3706 ad
619 3649 736 3724 tempus
760 3643 822 3706 uite
844 3663 898 3706 sue
920 3664 994 3707 uxor
1015 3648 1127 3707 tentum
1153 3664 1217 3706 eam
1239 3646 1270 3706 in

56 3751 156 3815 feudo
175 3750 218 3814 ad
238 3767 371 3812 censum.
389 3751 478 3814 XXX.
497 3751 688 3814 denariorum
712 3751 842 3834 recepit.
865 3772 923 3836 qua
940 3751 1110 3816 decedente
1125 3752 1223 3816 libere
1239 3751 1270 3813 in

56 3880 134 3924 usus
160 3857 274 3921 redeat
298 3858 440 3923 ecclesie.
465 3858 559 3923 Huius
583 3859 629 3922 rei
654 3862 750 3922 testes
773 3863 852 3922 sunt.
887 3859 958 3924 ooo
981 3861 1021 3924 de
1041 3862 1270 3948 Rcdyenpron.

56 3968 224 4034 Menhart
244 3967 285 4030 de
305 3966 475 4051 danndorf.
499 3970 591 4055 Hcpo
615 3967 655 4031 de
682 3941 815 4032 iconae.
840 3971 869 4029 et
892 3968 1064 4033 Heinricce
1083 3969 1170 4054 filios
1192 3969 1270 4033 eius.

56 4077 246 4143 Heinsio-ue
269 4076 310 4138 de
325 4078 473 4140 Boccare.
500 4075 702 4140 Chalhocirae
724 4077 765 4140 de
781 4075 902 4140 Roseae
940 4075 1062 4142 Wirntn
1083 4079 1123 4142 de
1143 4077 1272 4142 Velroen.

60 4185 185 4274 Wripo
204 4185 246 4248 de
264 4183 484 4270 Odreucpaek.
504 4183 678 4272 Ortolpioos
694 4185 831 4248 devort.
849 4188 880 4246 et
895 4181 945 4246 elii
960 4183 1074 4268 piures.

588 4341 765 4413 CCCXXV.

161 4481 209 4547 vt
226 4482 315 4559 gesta
331 4483 546 4566 preteritorum
562 4481 742 4565 perueniant
758 4479 796 4578 ad
812 4479 953 4543 noticiam
969 4481 1147 4545 futurorum.
1163 4481 1278 4544 instru-

59 4592 184 4659 mentis
223 4589 402 4670 scriptorum
435 4589 583 4654 efficatius
615 4591 724 4670 egitur.
763 4587 805 4651 Ee
836 4591 960 4673 propter
990 4588 1142 4672 presentis
1167 4587 1278 4671 pagine

1019 4693 1057 4748 3·
