3074 5094
262 350 338 420 346

258 506 529 590 perOblagiarium
544 509 709 572 communis
723 509 887 572 consolatio
901 512 1091 592 preparetur.
1116 506 1243 570 lneuius
1252 505 1300 568 rei
1315 505 1455 568 testimo·

259 617 339 679 nium
356 615 480 680 evidens
496 621 527 678 et
540 615 686 679 cautelam
701 621 861 700 presentes
877 617 982 679 literas
999 616 1069 679 dedi
1082 612 1220 678 Ecclesie
1237 614 1454 679 Cbotwicensi.

259 724 377 787 Domini
395 723 542 788 Eleluurda'
564 725 746 789 venerabilis
769 725 916 809 prepositi
939 724 1071 788 ecclesie
1087 723 1121 788 S.
1139 723 1266 808 Ypolr'tr',
1285 742 1321 785 ac
1338 722 1453 804 proprii

259 833 426 915 sigillorum
454 831 614 896 munimine
639 833 805 897 roboratas.
829 833 939 896 Testes
964 836 1046 894 sunt:
1071 831 1241 897 Heinricue
1257 831 1345 892 Prior
1364 828 1456 892 Chot-

258 941 414 1010 wiconsis,
439 939 623 1006 Fridera‘oua
647 941 767 1014 Cantor,
791 941 906 1006 Albcro
934 940 1080 1023 pleban'us
1103 939 1132 1002 S.
1155 922 1224 1001 Viti.
1257 939 1454 1012 erardur,

258 1048 448 1114 Helmwicua
465 1047 591 1122 Asinus,
622 1050 735 1114 Albero
760 1047 953 1120 cellerarius,
985 1050 1099 1112 Petrus
1123 1045 1317 1130 Capelianus,
1342 1045 1456 1107 fratres

260 1155 382 1218 ibidem.
400 1155 546 1218 Dominus
565 1158 636 1221 Otto
653 1163 684 1220 et
700 1158 795 1220 frater
811 1178 882 1220 suus
900 1156 1035 1219 dominus
1052 1154 1267 1243 Murpucrdua
1280 1146 1400 1216 'milites
1415 1152 1455 1216 de

262 1264 475 1328 ll'ildcuotein.
499 1264 721 1337 llbrnlrordua,
747 1266 915 1352 Wolfiapca
932 1271 962 1327 et
983 1265 1127 1329 Ditriouo
1148 1263 1317 1328 Heuslaria‘
1331 1263 1454 1324 fratres.

259 1372 448 1442 Clronradua
461 1372 498 1436 de
509 1372 700 1459 Hornpaclo,
716 1373 872 1448 Andreas,
891 1373 1122 1439 Cbolomarmua
1139 1376 1168 1435 et
1180 1371 1374 1435 Pertboldua
1389 1371 1455 1432 fra·

256 1484 318 1542 tres
337 1480 374 1542 de
385 1479 485 1552 Stein,
510 1481 759 1567 Enpelscbuleus
780 1481 817 1544 de
833 1483 928 1556 Fuit,
949 1478 1137 1545 counradus
1155 1485 1184 1543 et
1204 1477 1327 1544 llricus
1344 1479 1456 1541 fratres

257 1585 384 1658 ibidem,
414 1589 600 1654 llblolruaca
628 1589 666 1652 de
692 1590 907 1674 Elaclreadorf,
939 1590 1140 1652 Hermonassa
1170 1586 1209 1650 de
1240 1589 1456 1674 Pfaffcrrdors,
1505 1671 1507 1674 Α

259 1693 446 1758 Cbuuruduo
462 1695 500 1756 de
517 1697 668 1783 Zered-inp,
692 1703 723 1758 et
734 1698 839 1780 plnres
854 1697 904 1760 alii
921 1697 980 1759 tide
998 1697 1091 1776 digni.
1110 1697 1215 1759 Datum
1234 1697 1263 1758 in
1282 1695 1456 1766 Ouolerios,

257 1821 332 1864 anno
356 1802 467 1864 domini
498 1804 658 1867 ldillesimo
681 1805 885 1870 ducentesimo
906 1804 1100 1884 nonagesimo
1125 1809 1242 1887 quarto,
1279 1803 1456 1866 Petronelle

258 1909 393 1991 virginis.

329 2049 361 2121 1)
382 2050 455 2106 Wird
475 2069 525 2105 roa
544 2053 572 2106 P.
593 2053 773 2121 chrysostom.
792 2053 935 2106 Hantbaler
954 2053 992 2106 als
1011 2029 1194 2120 vorariglicber
1212 2050 1389 2104 woultumer
1409 2051 1457 2106 (les

256 2141 379 2194 Klosters
398 2141 537 2196 Lilienleld
556 2144 687 2211 gerdhmt,
706 2160 745 2196 wo
765 2143 899 2196 Reinbard
918 2142 974 2196 sich
987 2160 1028 2196 am
1041 2143 1068 2197 8.
1082 2143 1157 2210 Sept.
1170 2141 1246 2196 1296
1266 2141 1326 2195 eine
1338 2141 1457 2196 Grabee·

255 2232 337 2284 stille
357 2231 475 2298 stittete3
495 2249 524 2286 er
543 2234 614 2286 starb
634 2249 674 2286 am
693 2233 737 2287 ab.
757 2233 915 2302 September
932 2263 977 2284 -.
998 2233 1125 2304 (Recens.
1146 2232 1254 2302 diplom.
1273 2233 1419 2302 genealog.
1437 2231 1457 2286 l.

255 2320 372 2375 oo-ro.
394 2351 423 2362 -
446 2322 478 2374 u.
497 2323 559 2376 425.
580 2353 614 2362 -
634 2324 687 2380 tau.
706 2323 785 2393 ngrrr.
804 2323 857 2376 vu.
878 2322 923 2376 ru.
944 2323 1027 2393 xxi.)

327 2410 360 2482 2)
379 2411 473 2465 Dieser
486 2412 659 2481 Weingarten
672 2413 716 2481 lag
731 2413 802 2482 (lant
817 2411 889 2471 eines
903 2415 1030 2482 sputeren
1050 2411 1375 2484 Verpaebtungsbrietes)
1396 2411 1458 2466 urri-

256 2502 337 2556 scben
350 2502 440 2555 Bnden
453 2503 507 2556 und
521 2504 786 2575 Gumpoldskircben,
807 2505 936 2558 sudwarls
948 2505 999 2557 vob
1011 2503 1097 2558 Wien.

328 2592 360 2664 3)
381 2591 480 2664 Spdtcr·
498 2594 740 2666 Gotscbalobberg‚
765 2595 834 2665 jetzt
854 2595 1028 2663 Gottlosberg
1049 2597 1179 2664 genennt,
1205 2594 1232 2647 in
1253 2594 1305 2648 der
1323 2595 1364 2648 Pf.
1382 2595 1456 2649 blun-

255 2687 363 2744 stdtten,
382 2685 472 2737 recbls
486 2685 535 2738 der
547 2686 710 2756 Pcrscbling.
725 2685 755 2740 0.
767 2687 808 2740 W.
819 2687 861 2740 W.

784 2891 921 2962 LXXVI.

254 3025 330 3086 1296.
349 3026 393 3084 22.
406 3027 534 3085 februar.
555 3027 802 3102 Kloslernttulturg.
834 3061 865 3069 -
886 3030 1007 3092 Hadmar,
1026 3021 1123 3100 P'ropst
1141 3046 1191 3083 von
1211 3029 1455 3099 lllosterneuburg,

255 3119 308 3172 und
326 3119 383 3172 scin
396 3117 500 3188 Capitol
520 3119 669 3188 beslatigen
689 3120 739 3172 den
753 3121 874 3174 Verkaul
891 3121 963 3174 eines
982 3139 1013 3174 zu
1033 3121 1115 3174 ibrem
1140 3119 1262 3190 Hospital
1280 3119 1454 3173 dienstbaren

395 3207 579 3280 Weingartens
605 3227 661 3262 vom
687 3209 770 3263 Notar
795 3209 920 3264 Gebhard
944 3228 977 3264 an
1003 3211 1051 3264 das
1077 3210 1142 3264 Stift
1162 3210 1309 3282 Gottweig.

783 3318 919 3378 [Originum

346 3451 410 3516 Nos
440 3453 623 3518 Hudmurcs
654 3453 704 3518 dei
726 3455 839 3536 grecie
870 3454 1059 3538 prepositus,
1094 3444 1452 3536 totumque''*Capitulum

255 3559 393 3624 Ecclesie
419 3562 676 3647 Neunborpcnsie
699 3565 805 3626 tenore
833 3562 1024 3644 presencium
1054 3560 1229 3644 protitemur
1254 3565 1284 3622 et
1313 3564 1453 3623 constare

255 3668 391 3734 volumus
408 3675 467 3734 tarn
483 3670 674 3754 presentibus
692 3691 780 3754 quam
795 3672 914 3742 futuris,
936 3669 1016 3754 quod
1034 3669 1184 3734 discretus
1200 3668 1246 3733 vir
1265 3669 1454 3733 Gebhardue

254 3777 396 3844 Notarius
421 3800 509 3842 unum
530 3781 620 3861 inger
642 3781 680 3856 de
704 3780 790 3844 vinea
815 3780 893 3844 dicta
915 3780 945 3842 in
964 3779 1032 3842 dem
1052 3779 1275 3864 ll'cinprubcn,
1309 3777 1403 3840 situm
1424 3776 1452 3838 iu

255 3887 398 3949 anteriori
415 3892 500 3969 parte
523 3887 603 3950 circa
626 3886 746 3969 longam
767 3887 901 3960 vineam,
929 3886 1011 3972 quod
1038 3906 1055 3949 a
1083 3889 1185 3948 nostra
1213 3883 1361 3948 Ecclesia
1390 3887 1452 3948 iure

253 3995 477 4078 emphitevtico,
502 3997 580 4080 quod
596 3997 627 4060 in
642 3995 760 4078 vulgari
777 3997 965 4060 Perchrecbt
981 3996 1100 4066 dicitur,
1125 3992 1292 4065 obtinebat,
1317 3993 1452 4057 vendidit

253 4103 419 4168 venerabili
434 4093 535 4168 abbati
560 4110 591 4168 et
613 4105 771 4168 conventui
787 4104 964 4168 Monasterii
982 4097 1203 4166 Chotwicensis
1220 4121 1277 4184 pro
1296 4103 1450 4184 octoginta

255 4215 286 4276 et
299 4211 336 4274 Vl
351 4211 439 4274 libris
458 4213 648 4276 denariorum
662 4211 888 4284 Winnensium,
912 4209 1170 4276 consentientibus
1187 4229 1337 4292 expresse
1354 4228 1450 4274 coram

255 4320 342 4384 nobis
360 4319 478 4383 domina
494 4320 618 4406 Sophia
635 4340 729 4384 uxore
746 4320 810 4383 eius
828 4326 858 4383 et
873 4319 969 4403 ipsius
985 4317 1090 4380 liberis
1108 4317 1269 4380 uniuersis.
1297 4316 1451 4381 Protesta·

252 4433 301 4494 tus
318 4434 366 4493 est
380 4429 504 4512 insuper
525 4429 592 4512 ipse
610 4427 797 4494 Gebhardua
818 4427 849 4490 iu
870 4426 1029 4511 presencia
1051 4428 1172 4497 nostre,
1197 4424 1280 4508 quod
1306 4425 1450 4509 premissa

253 4537 381 4622 pecunie
398 4536 456 4600 sibi
471 4536 510 4600 sit
526 4535 715 4622 integraliter
730 4535 896 4622 persoluta.
931 4534 994 4598 Nos
1018 4535 1120 4618 itaque
1142 4536 1334 4598 contractum
1351 4533 1451 4598 buius-
