3128 5102
1256 335 1305 409 53

101 511 242 592 scriptas
255 511 484 576 terminationes
498 511 535 575 ad
548 513 674 576 eandem
686 512 847 576 ecclesiam
860 511 1042 594 pertinentia
1056 532 1109 576 suo
1123 511 1310 576 confirmauit

101 619 219 682 banno.
238 619 408 683 Descendit
420 625 517 683 nutem
530 621 673 684 terminus
687 621 746 683 iste
757 620 796 683 de
808 616 1017 706 cdnlclnprdbi
1030 620 1167 706 usquein
1183 621 1308 686 obinun-

103 728 200 792 bcclr.
217 726 257 790 de
270 728 453 792 odizirbccls
465 749 557 812 super
567 729 755 815 swarcderq.
769 729 809 792 de
819 729 999 815 swnrnderq
1011 747 1104 812 usque
1113 727 1306 812 adquandam

101 835 1307 920 niitnInmNnrcncnisqueinlraeundemterminumest.indeusqueincnnnem

104 967 165 1032 qne
172 945 297 1028 snstriz
306 945 434 1010 dicitnr.
448 943 558 1008 deinde
570 945 608 1008 ad
620 943 775 1009 cuiusdam
787 943 901 1009 nobilis
913 943 1047 1026 predium
1062 943 1210 1008 Gnnncd
1223 945 1306 1008 dicti.

7 1131 8 1136 ἵ
103 1054 292 1137 pertinentis
307 1053 345 1116 ad
361 1054 490 1117 uicinam
498 1054 708 1140 parrochiam
725 1053 827 1118 Witin.
840 1051 911 1114 inde
924 1053 961 1115 ad
972 1052 1157 1136 quorundam
1170 1053 1307 1135 predium

103 1161 349 1224 ministerialium
364 1161 516 1247 Linpoldi
530 1161 734 1225 marchionis.
754 1161 877 1226 Ottonis
893 1159 1012 1223 scilicet
1028 1166 1058 1223 et
1073 1160 1242 1224 Bertlcldi
1257 1161 1307 1247 qui

103 1270 182 1334 iufra
199 1270 364 1332 terminum
377 1269 514 1351 predicte
526 1291 608 1334 norw
611 1267 787 1356 parrochie
796 1273 874 1332 sunt.
891 1267 962 1330 lnde
973 1287 1069 1353 usque
1081 1269 1110 1330 in
1122 1289 1244 1333 amnem
1255 1269 1306 1354 qui

102 1378 200 1462 scnyi
214 1383 353 1440 uocetur.
372 1383 403 1440 et
419 1396 535 1440 ornnem
552 1379 818 1442 circumlucentem
830 1375 936 1440 siluam
949 1377 1092 1440 incultum
1106 1386 1137 1440 et
1148 1377 1306 1442 colendum

102 1506 203 1569 usque
220 1485 260 1548 ad
277 1491 368 1567 caput
384 1487 442 1549 riui
458 1489 605 1550 manantis
620 1485 754 1551 minoris
769 1486 933 1553 clremine.
957 1484 995 1548 de
1016 1485 1134 1552 minori
1148 1486 1306 1552 chremisa

104 1614 201 1678 usque
233 1593 271 1656 ad
293 1595 445 1658 maiorem
469 1595 666 1660 cdrernisnnn.
696 1615 804 1658 uersus
832 1595 993 1659 doemmm
1022 1593 1133 1658 deinde
1156 1596 1306 1659 iterumn

103 1705 224 1770 maiori
239 1704 400 1769 chremisa
416 1724 511 1788 usque
527 1706 561 1770 in
576 1706 738 1770 minorem.
768 1708 799 1768 et
822 1706 867 1767 sic
889 1704 1037 1788 usquead
1054 1723 1159 1768 canum
1175 1704 1304 1788 lapidem

104 1812 155 1896 qui
175 1811 280 1893 lingua
297 1811 412 1872 rustica
429 1811 539 1875 dicitur
554 1811 810 1877 tnnilisclsircdc.
827 1812 1012 1876 terminatur.

632 1971 783 2042 ccxvii.

199 2107 330 2173 Nouerit
362 2108 502 2171 uniuersa
536 2110 684 2174 catholice
716 2109 813 2194 plebis
845 2109 977 2172 ecclesia
1009 2109 1090 2194 quod
1122 2111 1168 2174 uir
1194 2109 1305 2174 nobilis

107 2219 282 2304 Odnlriczn
307 2219 347 2280 de
373 2217 607 2306 inclinerinpin
633 2217 759 2283 tradidit
786 2217 823 2282 ed
848 2217 942 2281 altare
976 2217 1009 2280 S.
1035 2217 1129 2280 Mnrie
1154 2218 1303 2300 quoddam

103 2327 243 2410 predium
256 2324 380 2388 duorum
393 2345 548 2390 mansuum
560 2327 609 2391 uel
622 2327 689 2411 plus
698 2327 874 2413 qunntitnte.
887 2327 915 2388 in
928 2326 995 2390 loco
1002 2326 1170 2414 plintperp
1182 2305 1302 2390 dictum.

104 2439 216 2518 rogatu
236 2432 396 2498 Gnntmni
409 2434 581 2520 presbiteri
596 2435 680 2497 cuius
696 2441 727 2496 et
743 2437 808 2498 erat
823 2434 902 2524 idem
919 2433 1064 2518 predium.
1081 2433 1146 2498 iure
1162 2433 1304 2498 beuelicii

104 2544 204 2630 quoad
233 2543 354 2604 uiueret
380 2545 493 2605 tantum
521 2542 579 2605 sibi
610 2542 792 2606 alratribus
817 2563 976 2606 concesso.
1002 2542 1095 2606 Huius
1111 2540 1304 2625 allegationis

102 2658 201 2717 testes
213 2652 246 2714 hi
263 2653 332 2713 suut
348 2670 403 2732 per
420 2671 522 2714 aurem
538 2652 659 2715 adsciti.
682 2653 861 2718 Wcrinliart
868 2653 955 2738 filins
967 2653 1161 2740 Reqinderti.
1187 2653 1303 2718 Werin·

7 2837 8 2848 ἶ
104 2763 181 2826 dart
200 2761 288 2846 filins
303 2759 486 2846 chinqeri.
522 2761 661 2826 Waltlser
683 2763 723 2826 de
746 2762 935 2850 lcnpincncc.
971 2761 1110 2827 Walttrer
1132 2763 1174 2826 dc
1184 2763 1301 2846 fncsin.

106 2870 236 2956 liupolt
253 2869 296 2932 de
311 2865 535 2934 trdlceristctin.
566 2846 722 2935 &dalrici
738 2871 779 2934 de
794 2869 971 2934 nantoaci.
999 2872 1137 2956 liupolt.
1165 2870 1304 2938 lsinriclr

105 2979 146 3043 de
160 2978 331 3060 Anindorf.
350 2977 533 3064 Dietprcnt.
550 2979 685 3044 Iinnnclt.
704 2978 892 3042 lnuestiture.
910 2977 956 3040 11⁰.
978 2977 1165 3042 Werintnrt.

623 3161 790 3234 ccxviii.

197 3301 347 3366 Nouerint
363 3300 544 3365 uniuersalis
559 3303 663 3365 matris
677 3302 808 3366 ecclesie
822 3301 882 3366 tilii.
901 3307 960 3365 tam
973 3301 1108 3386 presenti
1122 3305 1203 3366 etate
1215 3322 1302 3386 quern

107 3412 204 3474 futura
225 3409 451 3474 succedentium
475 3412 663 3493 posteritate.
688 3410 817 3494 qualiter
840 3411 1049 3474 controuersia
1072 3409 1123 3474 illa
1147 3431 1206 3494 que
1223 3411 1302 3474 inter

7 3543 8 3608 }
108 3541 159 3583 nos
177 3524 210 3582 et
226 3520 423 3584 pinnarum
442 3519 544 3603 filium
564 3518 720 3582 Tierncnis
742 3519 782 3582 dc
803 3518 986 3606 bnellinqin
1009 3517 1059 3582 diu
1080 3523 1127 3581 est
1147 3519 1300 3582 uentilata.

7 3639 9 3712 l
95 3632 162 3716 ¹ianr
191 3631 250 3693 deo
278 3626 444 3712 opitulante
472 3629 513 3690 sit
539 3628 707 3692 terminata.
739 3627 875 3713 Namque
897 3630 1001 3692 uineas
1030 3630 1068 3691 ad
1091 3629 1247 3694 Muttcrin
1271 3633 1303 3692 et

7 3749 9 3758 ’
107 3739 245 3820 predium
266 3735 340 3800 illud
363 3735 401 3799 ad
423 3737 570 3802 Brnnnin
595 3737 675 3822 quod
690 3736 779 3800 beate
797 3737 939 3802 memorie
955 3735 1100 3801 dominns
1114 3736 1302 3802 Altmnnnnn

106 3845 308 3933 pataviensis
329 3844 499 3932 episcopos
527 3865 619 3930 super
642 3845 736 3908 altare
764 3845 796 3909 S.
821 3845 917 3910 ltlarie
937 3845 1070 3910 tradidit.
1100 3849 1219 3909 etcum
1243 3867 1301 3932 quo

7 3973 9 3980 ’
109 3959 240 4018 nostram
266 3955 391 4014 matrem
417 3951 578 4016 ecclesiam
601 3951 724 4016 dotauit.
750 3952 931 4018 beneficium
950 3975 1036 4018 suum
1053 3973 1121 4018 esse
1138 3953 1299 4019 affirmans.

7 4095 8 4144 j
108 4061 230 4126 iniustis
248 4059 382 4146 querelis
400 4081 455 4124 nos
472 4061 583 4146 ubique
598 4061 761 4126 inclamare
779 4083 836 4126 oon
852 4062 978 4126 destitit.
1007 4060 1070 4124 Nos
1086 4082 1158 4126 uero
1176 4083 1302 4147 quorum

7 4181 8 4242 g
108 4171 214 4234 iustior
236 4189 327 4234 causa
352 4169 458 4231 fuerat.
484 4190 522 4232 ne
539 4169 591 4232 tali
608 4191 730 4254 semper
752 4171 959 4236 subiceremur
975 4171 1109 4256 querele.
1134 4169 1301 4236 studuimus

109 4299 225 4365 quoque
241 4283 332 4362 pecto
349 4276 515 4362 predictam
532 4276 614 4342 litem
630 4278 748 4342 sedare.
766 4279 903 4343 omnibus
915 4282 967 4364 qni
979 4285 1050 4344 tunc
1063 4279 1174 4364 placito
1187 4279 1302 4344 intere·

7 4461 9 4468 y
108 4393 183 4450 rant.
200 4385 376 4469 inidipsum
394 4385 661 4452 consentientibus.
679 4392 711 4450 et
723 4387 811 4452 simul
822 4388 881 4453 hoc
895 4386 1134 4454 consiliantibus.
1153 4409 1187 4452 ea
1201 4395 1301 4453 tamen

110 4495 290 4560 conditione.
310 4497 341 4557 ut
357 4494 436 4557 idem
452 4494 634 4560 Dietrnmns
649 4501 773 4580 recepto
785 4493 852 4560 xxc
864 4517 1029 4564 morcarum
1041 4499 1154 4582 precio.
1172 4497 1209 4562 de
1222 4498 1300 4562 omni
