3074 5094
1184 359 1261 430 323

71 529 173 582 Falhius
192 531 285 584 hausto
304 530 449 585 denselhen
467 533 500 585 im
520 531 544 584 d.
564 531 636 584 1624
654 550 704 586 ron
725 531 785 584 dem
806 531 905 597 „Edlen
924 533 977 586 und
996 534 1161 602 Gestrengen
1181 535 1263 586 llerrn

73 619 183 673 Wolffen
202 622 293 674 Honr‘
313 621 432 689 ganzlich
461 639 517 674 uum
538 621 627 674 Stifte.
647 621 719 674 Jetzt
737 623 820 676 hoissi
839 639 868 676 00
892 623 1087 684 Hellerhot',
1116 624 1183 676 nach
1203 623 1263 676 dem

71 709 190 762 Prolaten
204 711 309 780 Gregor
323 712 412 764 Heller
431 710 563 782 (1648-
574 711 671 782 1669),
693 713 740 765 600
759 712 810 764 viel
830 712 927 765 darauf
943 711 1117 774 verwendete,
1137 730 1180 765 um
1195 713 1262 773 dort,

73 797 97 851 in
121 799 168 852 der
188 800 261 855 Nahe
288 802 336 854 des
356 801 464 865 Stiftcs,
490 801 581 855 0060000
600 799 798 854 600000600100
824 801 900 856 einen
924 803 1104 872 angenehmen
1122 803 1265 856 Ausheite·

70 893 193 960 ruugsort
214 909 247 944 zu
265 891 394 946 bereitcn.

628 1097 696 1166 hv.

68 1267 282 1329 1076610106.
303 1269 439 1341 Zakklng.
465 1300 499 1308 —
524 1269 638 1322 Gertrud
659 1285 709 1322 von
729 1268 852 1323 Arnstcin
870 1271 1002 1324 6600016006
1020 1272 1067 1326 mit
1086 1271 1265 1340 Zustimmuug

68 1359 136 1412 ihres
158 1360 261 1414 Schnes
275 1361 383 1414 llcnrad
404 1360 457 1413 und
471 1360 519 1412 auf
529 1359 669 1412 Ausuchon
690 1359 737 1411 des
751 1359 834 1412 Abtcs
854 1360 994 1415 llelmwich
1015 1363 1091 1416 einen
1109 1362 1264 1422 Unterthan,

17 1471 21 1482 ·
67 1447 182 1503 Namens
202 1451 308 1504 llonrad
328 1468 378 1504 von
398 1449 539 1503 Hiirnbaeh
558 1448 617 1500 60000
636 1448 744 1500 Kloster
757 1447 899 1518 66660060,
918 1449 971 1502 006
990 1453 1093 1520 00060106
1111 1453 1155 1504 ihu
1174 1452 1267 1504 sammt

66 1539 134 1592 allen
147 1540 239 1594 006000
252 1540 446 1594 Nachkommen
463 1539 505 1592 fiir
526 1540 562 1594 30
575 1537 659 1591 Pfund
670 1538 796 1606 Ptennige
810 1555 868 1592 vom
881 1539 1204 1611 Hbrigheitsverhaltnisse
1216 1542 1264 1594 los.

596 1655 732 1714 [ongean]

155 1829 305 1892 Nouerint
339 1827 475 1891 uniuersi
505 1831 564 1890 tam
600 1827 765 1890 existentes
803 1848 891 1912 quam
919 1831 1053 1911 posteri,
1088 1829 1168 1915 quod
1196 1829 1261 1912 Ego

68 1939 246 2003 Gerdrudc‘s
278 1938 316 2000 de
347 1937 499 2000 Arnoteirr
529 1937 567 1999 de
596 1956 746 1999 consensu
774 1937 940 2002 0100000066
967 1939 1160 2021 primogeniti
1191 1941 1260 2010 mei,

66 2047 254 2129 aliorumque
278 2044 424 2106 heredum
446 2063 591 2116 meorum,
615 2063 702 2106 omne
718 2045 764 2108 ius
787 2045 865 2126 quod
887 2046 918 2106 in
942 2066 1072 2127 persona
1098 2045 1263 2112 Chcnradi

64 2155 101 2218 60
121 2152 338 2242 Himpacb1)
372 2155 495 2216 racione
528 2153 659 2233 homagii
685 2153 751 2216 siue
779 2154 976 2236 proprietatis
999 2153 1107 2227 habui,
1138 2175 1154 2216 a
1185 2155 1259 2216 meis

63 2263 312 2346 progenitoribus
336 2262 533 2325 successione
552 2261 737 2324 hereditaria
761 2262 941 2334 6006006000,
966 2263 1003 2325 ad
1026 2263 1208 2344 peticionem
1230 2267 1261 2324 et

61 2373 243 2436 instanciam
259 2373 421 2434 reuerendi
442 2371 554 2434 domini
576 2371 735 2436 Hetawici
756 2371 873 2432 abbatis
899 2371 936 2432 de
963 2370 1150 2444 Chotewico‚
1176 2372 1265 2435 beate

62 2480 157 2543 Marie
175 2485 323 2562 00000600
339 2479 448 2560 virgini
471 2478 606 2540 eiusdem
623 2478 763 2572 Ecclesie
787 2473 1006 2544 Chbtwicensis
1025 2488 1163 2564 patrone,
1189 2479 1263 2544 dedi

62 2592 92 2650 et
117 2586 217 2650 obtuli
239 2585 329 2668 pleno
352 2586 428 2648 iure.
454 2585 621 2665 Resiguans
645 2607 775 2649 exnunc
798 2609 915 2650 ornnem
938 2590 1176 2670 possessionem,
1203 2610 1260 2672 que

62 2695 154 2757 michi
179 2698 210 2756 ct
227 2694 390 2756 heredibus
411 2694 487 2756 meis
510 2695 540 2756 in
562 2694 629 2777 ipso
653 2700 828 2776 competere
849 2695 1020 2768 uidebatur,
1044 2697 1261 2780 recipiensque

62 2803 186 2886 abipso
205 2801 364 2864 Chunrado
382 2803 449 2865 vice
473 2801 641 2864 concambii
665 2803 789 2884 triginta
813 2802 905 2865 libras
929 2803 1122 2867 denariorum
1143 2811 1264 2868 monete

60 2912 188 2984 usualis,
213 2931 269 2992 pro
282 2911 390 2994 quibus
408 2911 597 2992 sepedictum
610 2909 803 2974 chunradum
820 2931 887 2975 eum
903 2913 973 2974 liliis
988 2913 1035 2976 rel
1052 2912 1169 2976 filiabus
1187 2933 1262 2995 quos

59 3020 108 3082 rel
132 3039 211 3103 quas
237 3020 419 3102 susceperit,
449 3022 572 3082 racione
595 3019 726 3100 homagii
750 3039 803 3081 seu
829 3020 1024 3102 proprietatis
1049 3023 1115 3082 sine
1141 3027 1262 3083 contra-

11 3199 13 3210 ?
62 3129 201 3192 dictione
228 3125 363 3211 qualibet
391 3125 463 3188 dedi
495 3127 532 3189 ad
559 3127 729 3190 Ecclesiam
749 3125 1003 3190 Chotwicensem.
1043 3127 1079 3190 llt
1107 3147 1145 3190 ne
1169 3147 1263 3210 super

60 3235 212 3320 predictis
230 3241 364 3317 exparte
381 3233 545 3297 liberorum
573 3255 626 3298 seu
642 3235 767 3298 aliorum
792 3237 1027 3320 propinquorum
1049 3255 1182 3300 meorum
1204 3237 1263 3300 ulla

62 3344 277 3409 contencionis
309 3343 430 3406 occasio
462 3343 562 3406 valeat
589 3343 680 3415 oriri,
720 3343 785 3424 Ego
810 3363 935 3407 unacum
964 3347 1167 3427 primogenito
1196 3363 1262 3408 meo

62 3451 257 3522 Chunrudo,
282 3471 338 3514 nec
355 3471 415 3514 non
430 3456 536 3534 patruo
555 3471 621 3514 meo
640 3451 759 3514 domino
779 3451 948 3516 Glcunrado
971 3452 1008 3515 de
1024 3453 1204 3516 Scmcroooc
1226 3453 1264 3515 ad

59 3563 192 3644 triginta
224 3558 319 3622 libras
352 3558 544 3622 denariorum
572 3561 780 3624 Wienensium
813 3581 867 3624 nos
900 3561 1044 3624 caucione
1072 3560 1265 3624 fideiussoria

61 3669 246 3752 obligamus,
271 3667 312 3728 ita
335 3671 367 3729 ut
390 3666 417 3728 si
440 3669 506 3750 quis
524 3668 623 3732 eidem
640 3669 800 3732 Chunrado
818 3669 1025 3734 contencionis
1049 3669 1209 3752 scrupulus
1233 3669 1262 3730 in

63 3788 225 3867 posterum
251 3780 430 3854 suscitetur,
462 3777 558 3840 dictas
582 3776 705 3855 triginta
727 3776 821 3840 libras
844 3775 1111 3874 demosgllcclesie
1127 3775 1264 3839 Chotwi-
1321 3823 1324 3828 -

63 3890 164 3960 censi,
190 3888 369 3969 exceptione
387 3884 555 3949 omnimoda
578 3883 802 3947 nonobstante.
827 3885 860 3946 ln
885 3885 969 3946 cuius
989 3885 1033 3946 rei
1056 3885 1262 3948 testimonium

61 4001 244 4082 presentem
261 3994 318 4057 sibi
335 3999 365 4055 et
376 3992 517 4056 Ecclesia
530 3991 669 4072 predicte
681 3993 805 4074 porrigo
819 3991 949 4055 litteram
966 3993 1066 4073 sigillo
1080 3993 1140 4054 mei
1157 3993 1263 4064 mariti,

61 4109 113 4191 pie
130 4101 371 4172 recordacionis,
393 4100 504 4162 domini
523 4100 646 4164 Ottonis
662 4099 700 4161 60
716 4099 882 4172 Amatoria,
907 4121 942 4163 ac
960 4101 1059 4184 patrui
1076 4087 1135 4163 mei
1152 4099 1266 4164 domini

63 4211 236 4280 Cbanrrrdi
252 4210 290 4272 60
306 4210 496 4280 Somerowe,
522 4214 754 4290 ceterorumque
777 4209 973 4280 dominorum,
999 4227 1124 4292 quorum
1145 4211 1264 4272 nomina

62 4321 318 4389 subscribuntur,
350 4319 389 4380 in.
408 4317 532 4380 euidens
556 4317 759 4378 testimonium
788 4317 1006 4396 consignatam,
1047 4318 1158 4380 Testes
1184 4323 1264 4379 sunt.

62 4433 213 4495 Dominus
238 4426 427 4492 Chunrudce
449 4425 488 4486 de
512 4424 701 4488 Somcrowe.
738 4424 882 4490 Dominus
907 4425 1073 4511 6100οο600
1095 4423 1133 4486 60
1156 4427 1266 4489 160606-

57 4541 175 4626 pcrcb.
220 4535 467 4599 Dominus‘Otto
500 4532 537 4594 dc
570 4533 801 4598 Waczcrbercb.
850 4531 993 4595 Dominus
1024 4531 1199 4616 Wolflcerus
1227 4533 1265 4594 60

864 4655 870 4661 ·
981 4638 1048 4691 21*
