3094 5094
1215 417 1265 491 95

74 588 227 654 Adoltcro
251 591 294 654 dc
315 590 507 656 Potcuatein.
543 591 714 656 Bertolduo
736 591 777 655 dc
802 591 1064 676 ladimarisscldo.
1096 595 1268 704 Heinpicua

75 699 112 762 dc
125 699 308 783 Perindorfi
332 697 471 764 Hemicb
487 695 540 784 qui
555 698 634 761 idem
656 697 794 782 predium
816 699 919 764 babuit
934 699 965 763 in
982 699 1138 767 beneficio.
1165 701 1267 770 odol-

73 805 149 872 ricb.
174 807 334 895 Piligro’m.
358 807 540 871 lunestiture
554 807 720 892 liudolfus.
744 809 928 874 Perinkari.

580 993 758 1066 CCCLXV.

159 1130 276 1194 Eodem
293 1150 370 1196 anno
386 1131 501 1196 nobilio
516 1132 644 1218 pomam
660 1133 752 1198 borno
767 1133 922 1198 Adalrom
938 1134 978 1198 dc
993 1135 1097 1222 Perge
1112 1133 1268 1218 delegauit
1340 1120 1345 1129 ’

73 1257 162 1322 super
178 1239 276 1302 altare
292 1239 324 1302 S.
342 1239 436 1303 llario
451 1239 606 1303 dimidium
621 1259 754 1304 mansum
780 1240 858 1324 apud
880 1241 1110 1327 chlinirdorf
1119 1243 1218 1307 situm.
1237 1250 1268 1309 et

73 1346 221 1430 quoddam
233 1350 424 1433 mancipium.
441 1349 479 1412 N.
492 1349 628 1434 Geppam
640 1349 672 1411 iu
688 1349 842 1432 proprium
854 1350 901 1414 ins
917 1348 975 1413 deo
987 1350 1038 1414 hic
1053 1352 1266 1416 seruientibus.

72 1475 124 1537 pro
146 1457 283 1521 remedio
307 1457 405 1522 anime
426 1458 580 1523 auunculi
600 1457 654 1521 eui
672 1457 798 1521 dicem
831 1457 924 1520 Huius
948 1457 1147 1540 delegationis
1169 1464 1266 1524 testes

72 1569 139 1626 sunt
154 1564 210 1626 bii.
236 1565 308 1630 Otto
323 1567 365 1630 de
379 1565 553 1649 bcoitdocb.
578 1565 738 1651 Eupildic.
764 1565 938 1630 Wcrinluer.
963 1568 1052 1632 umbo
1073 1568 1113 1632 dc
1128 1567 1265 1634 ebuliub.

73 1672 197 1760 Wipant
212 1675 253 1739 dc
268 1674 410 1739 cbombo.
435 1676 517 1739 Poro
534 1679 566 1738 et
576 1675 684 1758 frater
700 1675 768 1738 ciue
783 1674 949 1740 morico
964 1675 1005 1739 dc
1020 1675 1184 1742 Persnicb.

573 1859 784 1930 CCCLXVl.'

158 1997 324 2062 Sciendum
341 2005 390 2063 est
406 1999 523 2063 cunctis
540 1999 688 2080 sanguine
705 1997 817 2062 Christi
842 1997 1005 2082 redemptis
1029 2000 1158 2084 qualiter
1176 2003 1265 2067 uoti-

67 2107 173 2190 fridue
200 2155 379 2172 ......
403 2108 525 2173 domiui
543 2105 743 2172 Adalrammi
769 2108 810 2172 dc
830 2109 934 2195 Perge
954 2107 1154 2190 delegandum
1176 2131 1269 2194 super

69 2214 161 2279 altare
178 2215 213 2279 S.
233 2215 337 2279 blarie.
361 2216 443 2279 ldem
459 2237 533 2280 uero
549 2216 772 2280 Adalrammcs
787 2214 853 2278 aliis
870 2216 1000 2297 negotiis
1021 2215 1265 2300 impendentibus

70 2325 137 2403 (sic)
162 2319 330 2407 adimplere
351 2345 409 2388 non
433 2324 545 2388 ualens.
571 2325 697 2388 eandem
721 2323 945 2405 delegationem
966 2323 1091 2388 tradidit
1113 2327 1142 2388 in
1161 2347 1265 2392 manus

69 2455 146 2520 cpsoe
171 2433 291 2498 nobilio
313 2433 382 2498 uiri
400 2432 570 2498 Saturnum·
590 2434 630 2498 dc
651 2432 819 2521 pcirpacb.
853 2429 939 2512 Quod
965 2431 1045 2494 idem
1070 2434 1265 2502 Salmoneus

68 2541 195 2605 deuotus
219 2541 403 2624 adimpleuit.
426 2541 482 2604 sub
505 2541 551 2604 his
574 2539 714 2605 testibus.
742 2540 891 2606 Woltbcr.
915 2540 1092 2628 Mcpinpoc.
1116 2545 1265 2610 Herbort.

65 2649 255 2738 Rapidum.
298 2649 506 2715 Hortbtrubt.
551 2649 589 2712 uo
620 2649 740 2733 quidam
772 2649 946 2713 familiares.
989 2651 1070 2715 Otto.
1111 2651 1262 2740 Ebcrpcr.

64 2759 243 2824 Hortroicb.

562 2952 768 3024 CCCLXVll.

156 3091 269 3155 Notum
297 3091 337 3154 sit
362 3091 479 3156 cunctis
507 3091 622 3155 Christi
650 3089 790 3154 fidelibus
818 3087 898 3172 quod
926 3089 1045 3174 qnidam
1073 3093 1114 3156 dc
1136 3093 1265 3178 familie

64 3203 170 3268 macti
184 3199 347 3288 Stephani
360 3199 499 3288 ingram.
516 3199 554 3264 N.
570 3197 724 3282 delegauit
740 3217 832 3282 super
853 3197 947 3261 altare
972 3197 1005 3261 S.
1025 3197 1120 3264 blarie
1143 3203 1262 3266 uincam

64 3327 150 3372 unam
173 3309 214 3372 ad
230 3308 428 3374 undinbcrcb
450 3309 539 3371 sitam
564 3325 631 3370 cum
653 3305 843 3391 appendiciis
865 3305 927 3371 suis
949 3312 1018 3391 post
1041 3307 1153 3372 obitum
1177 3329 1263 3375 suum

64 3415 181 3501 absque
204 3417 285 3480 omui
308 3415 554 3480 contradiccione
575 3415 719 3480 fratribus
741 3415 791 3480 hic
814 3415 871 3479 deo
888 3415 1099 3480 famulantibus
1115 3420 1264 3484 semitura

64 3529 145 3603 (stc).
181 3525 221 3589 llt
245 3525 276 3588 bi
299 3525 331 3588 in
352 3516 553 3589 testimoninm
578 3529 648 3588 sunt
671 3523 807 3587 adtracti.
839 3525 1017 3612 Reginbart
1043 3529 1076 3588 et
1097 3527 1262 3592 Hartman.

52 3632 259 3721 -lleyinuaro
287 3635 358 3699 Otto
374 3633 526 3700 damulti.
550 3633 707 3698 Heinrich
729 3635 760 3696 et
775 3633 863 3718 filine
884 3633 953 3698 circo
970 3631 1159 3699 Wcra'nbart.
1191 3634 1264 3698 Post

63 3761 121 3806 non
144 3741 273 3806 multum
294 3761 368 3805 uero
390 3747 510 3826 tempus
526 3743 609 3806 tuem
625 3739 756 3824 ingram
772 3737 873 3804 diuino
896 3745 929 3804 ut
952 3739 1103 3806 credimus
1118 3741 1264 3806 instinctu

63 3847 237 3915 admonitus
254 3850 391 3934 predium
409 3869 495 3914 suum
511 3850 550 3913 ed
569 3849 843 3915 llbcimonnietclc
858 3849 958 3913 situm.
979 3848 1140 3934 etreliqua
1156 3849 1263 3934 predia
1394 3873 1397 3876 ·

63 3980 114 4022 sua
130 3958 261 4024 tradidit
277 3959 315 4022 ad
332 3960 428 4024 altare
443 3959 477 4023 S.
495 3956 591 4022 ldarie
607 3958 684 4021 hano
699 3958 897 4042 interponens
919 3957 1119 4022 conditionem
1144 3963 1178 4023 ut
1193 3963 1264 4043 post

63 4067 177 4132 obitum
196 4087 283 4132 suurn
296 4069 375 4153 filiis
391 4068 457 4132 eius
473 4067 503 4129 in
521 4067 699 4130 beneficium
721 4071 883 4150 prestetur.
916 4066 1069 4149 Deinceps
1092 4086 1165 4132 uero
1189 4065 1264 4131 nulli

63 4196 167 4241 eorum
184 4177 329 4259 potestati
345 4175 444 4239 cedat.
463 4175 520 4238 nisi
536 4175 679 4239 iratribus
697 4175 754 4239 deo
771 4176 897 4257 eiusque
908 4175 1050 4255 genitrici
1064 4173 1113 4237 hic
1125 4175 1264 4240 seruien-

60 4284 149 4350 tibus.
176 4282 319 4347 Tradidit
332 4284 420 4347 etiam
434 4284 551 4347 uincam
563 4283 709 4367 quandam
723 4282 760 4346 ad
773 4283 1096 4348 cenommanniuale
1108 4301 1144 4347 eo
1156 4288 1263 4349 tenore

61 4397 93 4457 ut
107 4395 134 4457 si
151 4394 224 4476 quis
240 4393 474 4476 propinquorum
498 4409 620 4456 suornm
643 4391 795 4455 redimere
819 4389 922 4454 uellet.
945 4391 981 4453 X.
997 4409 1114 4454 marcas
1139 4389 1262 4473 persol-

62 4507 158 4566 ueret.
192 4501 233 4564 Et
255 4504 287 4562 ut
308 4499 366 4564 bec
388 4500 510 4563 traditio
532 4499 707 4564 inconuulsa
731 4502 915 4582 permaneat.
937 4501 1033 4561 testes
1057 4499 1089 4563 hi
1112 4503 1183 4564 sunt
1205 4519 1262 4584 per

61 4631 165 4676 aurem
199 4609 342 4672 adtracti.
373 4609 549 4692 Hodpmor.
586 4607 749 4672 Hartman.
780 4611 811 4670 et
834 4609 941 4692 frater
972 4607 1040 4671 dus
1072 4608 1260 4693 depictam.
