3122 5096
1209 393 1258 466 55

78 588 200 634 censum.
218 568 254 634 V.
272 567 473 634 denariorum.
492 565 567 632 filios
584 586 658 631 uero
671 566 766 650 ipsius
781 571 812 631 et
824 588 959 632 sororem
974 569 1037 632 eius
1053 569 1180 652 Sigilam
1193 593 1260 636 eum

77 698 123 740 sua
144 679 323 760 posteritate
345 681 414 760 post
438 674 551 740 obitum
574 696 658 739 suum
683 676 719 740 ad
745 676 872 740 eundem
894 678 1030 762 tytulum.
1057 699 1093 742 ea
1117 679 1261 746 uidelicet

77 787 254 850 condicione.
279 791 313 850 ut
334 805 390 849 neo
407 805 533 868 presens
556 784 648 847 abbas
666 805 722 848 neo
739 785 847 868 aliquis
864 806 1076 850 suceessorum
1092 789 1157 852 eius
1173 793 1261 872 pote-

76 900 175 958 statem
195 894 316 958 habeat.
340 894 478 979 cuiquam
505 893 674 977 predictum
699 911 822 957 oansum
846 895 877 956 in
898 893 1077 959 beneficium
1094 897 1259 979 prestandi.

75 1003 123 1067 aed
139 1010 276 1087 tempore
299 1003 467 1086 pubertatis
491 1006 654 1066 transacto.
678 1003 916 1086 prenominatum
940 1003 1068 1067 reddant
1084 1005 1259 1069 seruioium.

75 1112 160 1177 lluios
172 1113 364 1196 allegationis
377 1117 471 1178 testes
483 1113 535 1176 isti
546 1116 615 1176 sunt
626 1132 681 1196 per
690 1131 792 1175 aurem
802 1112 939 1176 adtracti.
953 1114 1260 1180 Enniotdatreiama.

73 1221 272 1288 Morodwart.
292 1223 435 1308 -Itapoto
465 1219 603 1286 Gordolo.

583 1405 748 1476 ccxxiii.

97 1567 99 1570 ·
156 1545 219 1610 Sed
242 1552 273 1610 et
295 1547 354 1610 hoo
378 1545 539 1612 notandum
561 1543 796 1630 quodquidam.
832 1545 869 1608 N.
893 1545 1053 1612 dmoldm
1074 1547 1199 1613 tradidit
1221 1549 1259 1612 ad

72 1655 192 1719 eundem
218 1656 345 1740 tytulum
368 1660 485 1739 partem
506 1655 584 1720 silua
601 1653 726 1718 duorum
750 1654 886 1735 iugerum
904 1655 1077 1740 quantitate.
1104 1656 1196 1722 Huius
1211 1659 1258 1722 rei

70 1769 159 1828 testea
177 1769 278 1828 extant
293 1766 335 1828 hi.
361 1765 568 1852 Rapinprelrt.
586 1764 682 1828 Pado.
699 1764 855 1850 Pilipro'm.

581 1967 745 2040 ccxxiv.

152 2109 217 2173 lloe
234 2129 352 2193 quoque
369 2108 486 2170 eunetis
504 2106 663 2171 notandum
681 2105 760 2190 quod
785 2105 903 2169 relicta
919 2105 1112 2170 Horimunni
1126 2109 1257 2173 comitio.

66 2218 99 2281 N.
120 2218 297 2283 Hadeooiolr
325 2235 394 2280 oum
416 2235 503 2278 manu
527 2216 592 2301 filii
616 2216 668 2280 aui
689 2214 889 2279 Herimunm‘.
918 2214 1072 2295 delegauit
1098 2217 1135 2278 ad
1164 2217 1259 2281 altare

67 2327 96 2390 S.
113 2325 207 2389 Mario
232 2344 367 2388 mansum
389 2344 478 2387 unum
504 2323 541 2385 ad
565 2323 741 2387 Budnieloa.
771 2325 802 2384 et
823 2321 976 2384 dimidium
1007 2323 1043 2385 ad
1073 2323 1261 2415 Odrufilinpi

66 2455 236 2520 possessum
256 2455 322 2498 oum
340 2431 508 2515 mancipiis.
533 2431 687 2496 dimidium
703 2431 739 2493 ad
759 2428 935 2519 Claroilo'npi.
959 2451 1024 2495 eum
1041 2433 1129 2495 uinea
1146 2453 1203 2496 una
1220 2435 1258 2498 ad

66 2546 164 2610 Mara.
188 2542 227 2605 ob
245 2541 410 2605 remedium
433 2539 530 2603 anime
552 2540 683 2623 predicti
699 2539 839 2604 adriani.
863 2539 956 2602 Huius
972 2539 1143 2604 traditionis
1160 2547 1257 2606 testes

65 2651 93 2713 loi
115 2651 285 2715 adstabant.
325 2651 480 2714 Hartman
503 2649 591 2734 filius
609 2649 758 2735 predicte
782 2649 916 2712 domine.
956 2649 1148 2714 Adalbertua
1171 2652 1258 2736 filiae

65 2759 213 2846 diupoldo·
227 2758 432 2824 marchionis.
449 2758 618 2845 Rapioper.
642 2756 791 2820 istoriole.
808 2758 900 2820 Pero.
915 2757 1080 2821 Heinrich.
1098 2758 1257 2845 Repinolt.

70 2867 257 2953 Wolslrunelr.
288 2867 467 2931 lnuestiture
491 2866 691 2930 adalbertus.

586 3067 738 3139 CCXXV.

148 3210 262 3276 Notum
280 3215 320 3272 sit
337 3211 464 3274 cunetis.
497 3208 669 3274 Christiano
686 3206 834 3272 uocabulo
851 3205 1007 3269 redimitis.
1032 3206 1111 3292 quod
1129 3207 1271 3292 quedam

62 3319 172 3384 nobilia
186 3325 337 3384 matrona
352 3316 525 3382 Adullreo'tlo
542 3316 660 3380 nomine
677 3314 831 3395 delegauit
847 3313 884 3376 ad
901 3314 995 3376 altare
1021 3314 1053 3377 S.
1072 3315 1166 3378 Mario
1183 3336 1256 3398 pre-

62 3425 136 3490 dium
148 3449 241 3494 unum
255 3427 292 3490 ad
307 3425 570 3508 Woltrielrisdorf.
585 3423 680 3487 Vlll‘0.
695 3423 814 3488 scilieet
826 3422 983 3486 beneficia.
997 3443 1051 3506 pro
1065 3443 1117 3486 sua
1129 3423 1256 3510 uirique

60 3537 107 3600 ooo·
123 3537 279 3602 Otlrltomo’
292 3535 350 3598 iam
368 3534 502 3598 desunoti
519 3533 715 3598 absolutione.
742 3532 807 3614 Qua
823 3532 946 3596 traditio
963 3535 996 3594 ut
1012 3531 1167 3595 inconulsa
1181 3553 1253 3615 per-

60 3649 145 3727 petuo
163 3647 284 3709 existat.
302 3644 403 3708 idonei
418 3647 514 3706 testes
531 3644 563 3705 hi
581 3641 749 3706 adstabant.
772 3641 915 3726 Wolflem.
931 3643 1039 3724 frater
1054 3640 1200 3704 Ekkirioi
1214 3641 1255 3704 de

59 3749 214 3837 eddsam'n.
233 3751 389 3816 Hartman
406 3758 437 3815 et
447 3754 556 3835 frater
572 3750 639 3816 eiua
656 3749 842 3835 Rapindart.
862 3749 1011 3814 Waltder.
1031 3749 1112 3814 Otto.
1129 3749 1253 3836 Mepo'n·

59 3861 138 3926 dart
159 3860 292 3926 ortam.

575 4005 740 4079 ccxxvi.

142 4148 292 4212 Nouerint
316 4145 449 4210 uniuersi
472 4147 576 4210 matris
600 4145 732 4210 ecelesia
755 4145 818 4210 lilii.
844 4144 973 4232 qualiter
990 4142 1126 4210 dominus
1142 4147 1254 4212 Nanzo

57 4259 149 4324 oddae
166 4275 235 4322 oum
249 4255 396 4320 communi
410 4255 534 4318 fratrum
548 4254 674 4320 oonsilio
688 4254 910 4338 comparauerit
921 4253 1060 4337 predium
1073 4274 1090 4318 a
1105 4254 1253 4320 Waltrioo

58 4365 195 4451 quodam·
214 4364 307 4428 nobili
324 4363 399 4427 uiro.
424 4363 518 4427 Vlllw.
536 4363 654 4428 soilioet
670 4363 817 4428 beneficia
835 4362 872 4426 ad
894 4362 1156 4446 Waltriolriadorf.
1182 4361 1252 4426 dato

58 4473 210 4548 eiXXX‘⁸.
234 4472 337 4556 Vllffm
361 4492 526 4536 marearum
550 4471 664 4556 precio.
697 4471 784 4553 Quod
811 4471 947 4556 predium
975 4469 1055 4533 idem
1086 4471 1253 4536 Wultodoua

56 4581 171 4665 publiea
185 4583 378 4664 delegatione
391 4582 428 4645 ad
440 4581 535 4644 altare
549 4579 582 4641 S.
593 4577 686 4641 ltlarie
699 4580 830 4644 tradidit.
844 4585 873 4642 et
884 4578 915 4641 hi
928 4582 997 4641 sunt
1008 4577 1038 4642 in
1051 4579 1252 4643 testimonium
