3074 5094
1187 372 1282 470 aas

62 576 187 633 nostros
223 591 422 634 successores
445 577 592 653 perpetuo
617 575 784 637 transferre
819 575 1020 644 decrevimus,
1043 572 1115 636 nulli
1140 593 1266 658 prorsus
1334 596 1337 604 ¹

62 683 93 740 ut
124 682 215 740 antea
239 679 463 749 conferendam,
494 679 650 764 ipsamque
673 683 835 745 ecclesiam
867 703 933 745 eum
956 683 1018 745 suis
1046 681 1210 744 attinentiis
1236 686 1267 744 et

62 785 202 848 eiusdem
227 786 285 849 loci
315 785 487 868 plebanum,
512 788 562 872 qui
589 809 644 871 pro
667 793 805 872 tompore
828 789 931 861 fuerit,
955 795 1058 852 nostre
1082 788 1267 852 defensionis

62 894 212 976 specialis
233 893 365 976 presidio
378 893 571 966 uti—volumus
586 902 616 959 et
631 899 774 978 gaudere.
800 899 908 960 Testes
927 919 998 960 vero
1014 898 1102 961 huius
1119 899 1165 961 rei
1182 902 1266 960 sunt:

60 1001 186 1063 Nobilis
204 1002 249 1074 vir
275 1003 397 1068 Utricuo
421 1003 459 1065 de
483 1004 582 1067 Tocra
609 1004 795 1090 (Teucro),
823 1006 895 1069 Otto
920 1005 957 1068 de
979 1007 1120 1082 Hastam,
1146 1007 1216 1070 Otto
1230 1005 1268 1068 dc

61 1110 299 1193 Pcrtoldsdors,
316 1111 499 1174 Fridericus
524 1111 642 1192 dapifer
666 1113 702 1174 de
719 1113 901 1198 Leoppocb,
922 1113 1045 1178 Utrieus
1064 1115 1266 1200 Capelianus,

60 1217 253 1281 Fridcricrrs
281 1218 319 1280 de
339 1219 456 1286 Husclr,
478 1217 668 1284 Charmadas
692 1219 729 1280 de
751 1219 1011 1308 Scbcaorndcrplc,
1034 1221 1211 1308 Menpottua
1228 1221 1266 1284 de

58 1326 252 1410 Ratclpcrp,
269 1325 341 1388 Otto
359 1326 397 1388 de
416 1327 622 1411 Waoocrberp,
639 1327 812 1392 Heinricuo
828 1328 866 1391 de
885 1332 969 1416 Hap,
989 1330 1111 1394 Ulrieus
1128 1329 1166 1390 de
1178 1329 1266 1394 Mer-

59 1434 243 1510 abacorum,
264 1434 426 1499 Dietricus
443 1433 482 1497 de
503 1434 724 1520 libisscoberp
745 1437 816 1499 Otto
834 1436 871 1498 de
887 1437 1065 1523 Mainberp,
1082 1437 1266 1502 Fridcrtcua

59 1551 93 1604 et
122 1543 296 1606 Heinrimre
328 1543 437 1604 fratres
467 1541 540 1604 dicti
567 1541 803 1618 Flciocbeosen,
841 1545 1001 1609 rotardus
1028 1552 1059 1608 et
1085 1545 1266 1631 Rodiperoa

59 1650 139 1713 dicti
161 1651 254 1714 Vrcol
269 1648 389 1736 (fret),
407 1656 438 1712 et
460 1648 564 1732 plures
582 1649 633 1710 alii
650 1647 708 1711 tide
726 1649 820 1732 digni.
844 1651 878 1713 ln
901 1654 986 1714 cuius
1003 1652 1048 1713 rei
1063 1653 1266 1715 testimonium

58 1765 227 1842 presentes
257 1759 359 1821 literas
397 1757 462 1820 dari
487 1757 628 1820 iussimus
662 1757 755 1838 sigilli
781 1759 875 1820 nostri
904 1760 1065 1823 munimine
1098 1760 1265 1846 roboratas.

61 1869 174 1930 Actum
195 1871 227 1928 et
243 1867 343 1929 datum
363 1865 478 1930 Vicnnc
494 1866 568 1927 feria
586 1870 670 1928 sexta
687 1867 821 1947 proxima
844 1870 912 1928 ante
930 1867 1107 1930 dominicam
1124 1869 1265 1938 Laetare,

65 1977 156 2038 Anno
180 1975 294 2038 domini
317 1973 474 2036 Millesimo
497 1972 703 2036 ducentesimo
726 1973 913 2056 octagesimo
937 1981 1052 2060 quarto.

610 2209 719 2279 mxlv.

56 2367 141 2427 1286.
163 2367 208 2426 ³⁰.
227 2367 340 2424 tanum.
359 2366 465 2424 Romu.
492 2396 526 2404 -
552 2365 641 2419 Gozzo
661 2383 711 2419 von
738 2366 830 2418 Krems
855 2365 955 2420 erklart
979 2382 1025 2418 ror
1049 2365 1137 2420 seiner
1162 2367 1265 2435 Pilger-
1327 2347 1332 2354 ι

61 2459 139 2513 reise
160 2459 229 2511 nach
249 2458 324 2519 Rom,
343 2457 404 2510 dass
423 2457 476 2509 ihm
500 2454 543 2508 die
562 2456 678 2509 Zehente
698 2453 740 2508 boi
754 2455 877 2523 Strazing
895 2472 953 2508 vom
973 2455 1138 2525 Gdttwaiger
1151 2455 1262 2510 Gottes·

60 2550 153 2602 hause
173 2565 222 2600 nur
241 2547 289 2600 aul
304 2547 461 2599 Lebenszeit
479 2545 634 2598 oberrassen
653 2545 735 2607 scien,
755 2545 839 2598 dabor
859 2543 926 2598 auch
946 2546 1014 2599 nach
1033 2541 1132 2599 ¹ssinem
1148 2547 1266 2600 Ableben

63 2640 140 2693 ohne
160 2639 268 2692 weiters
281 2637 342 2690 dem
356 2638 463 2690 llloster
475 2634 575 2688 wieder
589 2635 774 2688 anbcimfallen
794 2636 878 2688 sollen
897 2637 952 2689 und
970 2636 1062 2690 keiner
1081 2637 1168 2691 seinor
1181 2637 1269 2690 Erben

373 2727 450 2781 cinon
470 2725 611 2797 Ansprueh
631 2725 729 2779 darauf
744 2727 856 2780 machon
876 2727 962 2780 durle.

596 2826 733 2888 [Original]

160 2979 225 3064 Ego
266 2982 367 3045 Gomo
384 2980 412 3065 1)
446 2980 484 3043 de
518 2979 647 3045 Cbrerno
686 2979 717 3041 in
757 2979 916 3042 multorum
950 2979 1096 3044 bonorum
1134 2981 1266 3045 virorum

59 3091 232 3174 presencia
265 3089 456 3162 constitutus,
482 3089 647 3173 volensque
683 3090 720 3152 ad
746 3094 917 3153 sanctorum
950 3091 1155 3172 apostolorum
1184 3090 1266 3151 Petri

59 3203 97 3262 et
114 3199 202 3261 Pauli
218 3197 318 3260 limina
337 3187 428 3260 sanus
445 3218 501 3280 per
519 3197 568 3260 dei
586 3198 720 3278 graciam
739 3202 769 3260 et
785 3198 944 3262 incolumis
961 3199 1126 3281 proticisci,
1145 3196 1266 3278 publice

56 3307 212 3392 profiteor
235 3313 264 3370 et
294 3313 398 3390 aperte
423 3289 586 3390 protestor,
612 3307 692 3390 quod
716 3307 849 3370 decimas
870 3307 901 3368 in
925 3304 1163 3393 Stretzinpc2),
1188 3325 1263 3388 quas

58 3415 102 3479 ab
121 3415 258 3478 ecclesia
271 3421 360 3478 teneo
377 3415 591 3486 Chotwicensi,
609 3435 663 3496 pro
674 3415 735 3478 vite
745 3436 812 3478 mee
825 3415 1010 3498 temporibus
1024 3415 1122 3478 debeo
1135 3421 1266 3477 tantum-

57 3524 156 3587 modo
174 3523 342 3606 possidere,
360 3527 391 3585 et
407 3543 483 3594 meo,
501 3522 580 3584 iuxta
599 3523 647 3584 dei
664 3524 890 3605 prouidenciam
907 3522 991 3586 obitu
1005 3524 1169 3594 intellecto,
1183 3522 1264 3584 dicte

58 3633 188 3696 decime
210 3632 300 3714 pleno
323 3632 389 3695 iure
412 3631 449 3693 ad
479 3639 669 3692 memoratam
694 3630 935 3694 Chotwicensem
966 3631 1126 3695 ecelesiam
1159 3651 1265 3693 reuer-

5 3823 6 3826 ,
55 3746 178 3813 tentor,
203 3761 259 3803 neo
288 3739 445 3824 quisquam
469 3740 614 3802 heredum
640 3759 774 3802 meorum
799 3740 857 3802 sibi
882 3739 1070 3822 ius-aliquod
1096 3740 1261 3803 nendicare

56 3847 192 3912 debebit
209 3852 259 3910 aut
275 3848 386 3929 poterit
402 3850 432 3910 in
450 3846 576 3909 eisdem.
601 3847 632 3909 ln
652 3847 738 3909 cuius
756 3849 801 3910 rei
823 3849 993 3909 memoriam
1008 3854 1182 3929 presentem
1199 3847 1258 3910 leci

53 3957 198 4019 litteram
224 3953 318 4034 sigilli
352 3955 411 4016 mei
448 3955 607 4016 laractere
634 3955 663 4015 in
694 3955 818 4017 euidens
847 3955 1046 4016 testimonium
1076 3953 1259 4036 consignari.

52 4068 174 4129 Datum
211 4061 347 4126 Chrems.
389 4065 472 4125 Anno
506 4062 617 4124 domini
648 4062 687 4124 Μ.
713 4061 784 4126 00⁰.
805 4061 932 4125 LXXX⁰.
965 4070 1063 4126 sexto.
1102 4063 1163 4125 lll⁰.
1196 4063 1262 4126 Kal.

54 4171 237 4237 Februarii.
261 4171 435 4234 ludicoiono
452 4171 559 4234 rubr.

138 4315 245 4369 lllcines
258 4314 482 4386 (zarbrochenes)
497 4314 588 4382 Siegcl
601 4331 633 4368 an
647 4314 731 4368 einem
745 4332 795 4368 von
815 4314 863 4368 der
876 4314 1001 4368 Urkunde
1015 4315 1098 4368 selbst
1116 4314 1262 4370 theilweise

51 4407 301 4478 abgesehnittenen
320 4406 600 4475 Pergamentstreifen.

139 4497 171 4568 l)
192 4497 246 4550 Der
264 4497 355 4551 reiehe
375 4499 428 4550 und
448 4498 617 4566 angesehcno
637 4495 761 4548 Kremser
779 4497 881 4565 Burger
906 4496 1015 4549 Gozzo
1041 4497 1096 4549 trat
1114 4496 1182 4549 nach
1201 4497 1261 4549 dem

54 4587 243 4643 llinscheiden
279 4587 367 4643 seinsr
391 4589 506 4641 Ehesrau
543 4587 577 4639 im
605 4587 687 4640 dabre
719 4585 791 4640 1288
817 4585 843 4638 in
872 4585 920 4638 dns
939 4584 1263 4640 cistercienser-Kloster
