3074 5094
297 359 375 430 308

296 535 428 598 nancisci
450 555 507 597 non
524 533 619 617 potuit
640 537 763 618 propter
785 533 946 616 potentiam
968 537 998 596 et
1014 533 1151 597 malitiam
1168 537 1263 616 partis
1280 533 1409 597 adverse
1424 553 1475 616 per

299 665 404 707 annum
421 649 451 708 11
468 642 614 726 amplius,
637 645 819 726 quapropter
840 640 918 704 idem
936 640 1034 704 Abbas
1052 641 1189 704 Rolensis
1212 643 1302 726 petiit
1318 642 1375 704 sibi
1392 662 1476 724 super

299 752 355 816 hoc
372 752 537 836 apostolice
559 750 640 814 sedis
666 749 854 834 providentia
876 747 1037 812 subveniri.
1063 749 1208 832 Quocirca
1232 752 1410 815 discretioni
1431 755 1477 813 tue

299 881 355 945 per
372 861 536 944 apostolica
553 859 663 942 scripta
680 859 869 929 mandamus,
886 863 1047 942 quatenus,
1064 859 1090 922 si
1106 861 1145 921 ita
1162 864 1219 932 est,
1237 861 1367 924 eundem
1383 859 1478 923 noha-

297 977 357 1035 tem
370 971 529 1033 liotensem
543 969 574 1031 in
586 967 746 1031 earundem
758 970 907 1030 terrarum
919 971 1140 1050 possessionem
1154 973 1185 1030 et
1200 989 1302 1032 rerum
1314 969 1439 1032 inducas
1451 973 1479 1030 11

300 1081 378 1143 siout
394 1080 502 1142 iustum
520 1079 625 1149 suerit,
650 1075 792 1140 defendas
809 1076 971 1140 inductum.
989 1074 1232 1140 Contradictores
1252 1097 1479 1161 percensuram

301 1188 550 1260 ecclesiasticam,
568 1186 768 1270 appellatione
784 1187 966 1269 postposita,
990 1186 1220 1269 compescendo.
1247 1186 1359 1250 Testes
1378 1191 1479 1258 autem,

301 1297 352 1380 qui
368 1295 478 1358 fuerint
493 1297 651 1368 nominati,
667 1295 693 1357 si
709 1316 742 1358 se
759 1295 873 1378 gratia,
892 1293 959 1357 odio
977 1295 1023 1356 rel
1039 1295 1146 1358 timore
1163 1295 1385 1366 subtraxerint,
1410 1315 1478 1356 cen·

301 1425 371 1468 sura
389 1405 487 1478 simili,
506 1404 683 1488 apellatione
704 1408 859 1475 cessante,
880 1403 1041 1487 compellas
1058 1405 1173 1467 veritati
1190 1403 1397 1468 testimonium
1414 1424 1480 1487 per-

300 1513 495 1578 hiberellat.
507 1513 642 1578 Viterbii.
653 1513 713 1576 Vll.
732 1513 795 1576 llal.
813 1511 904 1586 lunii,
921 1511 1114 1576 Pontificatus
1128 1516 1222 1576 nostri
1235 1514 1320 1576 Anno
1337 1511 1479 1576 secundo.

371 1622 423 1674 Des
433 1619 523 1674 aweite
534 1618 955 1690 11111111111111·0111111111.-
964 1620 1125 1690 genethlium
1134 1618 1199 1690 3.(5
1210 1619 1480 1690 2)1·“11πιι1ι·126“1’·-

214 1747 216 1750 -
300 1712 385 1766 reicht
394 1730 443 1764 von
455 1710 553 1765 1266—
561 1711 640 1766 1267.
650 1741 684 1752 -
695 1710 747 1764 Abi
758 1711 791 1764 im
801 1709 1082 1763 Benedictinerlrlostsr
1090 1710 1161 1764 Seon
1171 1709 1308 1781 (ndrdlich
1318 1727 1370 1764 von
1382 1710 1481 1764 Obiere·

300 1819 345 1856 see
358 1803 384 1857 ia
398 1800 597 1868 Obsco-Baimoi,
617 1817 673 1854 war
685 1800 801 1854 dezumal
814 1799 943 1853 Districus
956 1800 975 1852 l.
988 1800 1010 1868 †
1023 1801 1102 1855 1281.
1117 1800 1245 1870 (Manum.
1258 1801 1346 1853 boica.
1360 1801 1393 1854 11.
1409 1798 1480 1869 1211.)

355 1893 489 1961 Gdttweig
501 1893 660 1962 bebauptete
685 1892 788 1944 eudlicb
809 1892 876 1944 doeh
895 1892 951 1944 sein
970 1895 1047 1959 gotes
1060 1892 1145 1944 Recht
1158 1892 1205 1944 aui
1215 1891 1259 1944 die
1273 1891 1481 1960 angestrillenea

304 1984 395 2045 Giiter,
415 1986 479 2036 iiber
491 1983 572 2036 deren
585 1984 744 2052 Erwerbung
756 1983 808 2035 und
818 1985 923 2053 spitere
933 1983 1093 2052 lliniangabe
1104 1983 1129 2036 in
1140 1983 1190 2036 den
1203 1984 1417 2052 Erltuterungen
1429 2001 1482 2036 zum

301 2075 457 2137 Saalbucho‚
469 2076 514 2128 Nr.
527 2075 604 2128 LXlll
616 2073 844 2128 Ausfr'ihrlicheres
857 2092 888 2127 nu
902 2073 987 2127 finden
1000 2075 1042 2128 ist.

837 2298 932 2368 XLll.

302 2481 374 2540 12³5.
382 2480 421 2542 lt.
429 2481 512 2553 April.
524 2479 597 2540 blelk
608 2481 782 2554 (lledling‘l).
791 2511 827 2522 -
836 2481 945 2535 Bischot
951 2481 1067 2551 Rediger
1081 2483 1233 2537 vonPassau
1242 2463 1419 2536 erleubtdem
1425 2482 1486 2536 aba

303 2575 356 2628 und
369 2575 502 2628 Conventa
524 2593 555 2627 zu
575 2574 707 2644 Giittweig
730 2573 771 2626 die
791 2589 890 2642 genneo
910 2572 1049 2627 Einlrirnite
1068 2573 1114 2627 der
1132 2574 1282 2642 erledigten
1299 2575 1488 2644 incorporirteo

305 2670 413 2722 Plarren
435 2669 482 2720 auf
506 2667 568 2720 zuei
590 2667 669 2720 Jahre
699 2686 730 2720 zu
753 2667 893 2729 bezieheu,
918 2684 960 2719 um
983 2667 1042 2719 dem
1063 2666 1144 2720 durch
1169 2666 1308 2719 schlechte
1329 2667 1424 2719 Zeiten
1442 2664 1488 2717 und

417 2759 537 2813 erlitteue
550 2757 679 2811 Unbilden
692 2757 960 2829 herabgelrommenen
972 2757 1078 2812 Kloster
1090 2757 1187 2811 wieder
1201 2757 1380 2811 aufzuhelfem

823 2885 957 2946 [Originae]

394 3025 536 3110 Ruperunt
559 3023 608 3085 dei
631 3022 725 3105 gratia
748 3021 932 3086 Patauiensis
950 3021 1114 3107 Episcopus
1136 3024 1289 3088 uniuersis
1313 3029 1488 3108 presentem

304 3132 442 3220 paginam
469 3132 650 3215 inspecturis
682 3130 808 3196 salutem
828 3131 858 3195 in
880 3132 1009 3196 domino.
1034 3131 1106 3196 Cum
1129 3132 1260 3196 ecclesia
1280 3135 1317 3210 'in
1333 3133 1487 3199 Chotwico

305 3245 432 3327 propter
447 3240 554 3304 malum
569 3244 677 3304 statum
693 3243 792 3312 terre,
810 3245 839 3304 et
854 3238 1010 3304 violentias
1024 3242 1084 3324 ipsi
1099 3242 1208 3314 illatas,
1221 3247 1389 3307 extenuata
1405 3245 1446 3308 sit
1460 3250 1487 3307 et

305 3351 422 3435 penitus
440 3350 599 3422 diminuta,
623 3370 677 3412 nos
695 3370 730 3412 ex
745 3354 831 3432 parte
846 3351 905 3434 ipsi
921 3369 1100 3416 succurrere
1117 3351 1290 3435 cupientes,
1308 3352 1487 3417 indulsimus

301 3459 408 3523 Abbati
425 3463 455 3522 et
471 3457 637 3522 Conventui
655 3457 787 3520 eiusdem
804 3460 935 3524 ecclesie
951 3465 984 3524 ut
999 3463 1025 3522 si
1042 3480 1100 3544 que
1113 3460 1243 3524 ecclesie
1259 3461 1334 3544 ipsis
1347 3462 1486 3546 ceperint

303 3587 427 3640 uacare,
453 3570 614 3651 prouentus
639 3567 769 3651 ipsarum
793 3567 830 3631 ad
851 3567 1002 3632 biennium
1024 3569 1193 3641 detineant,
1217 3573 1247 3632 et
1266 3571 1370 3652 quiete
1390 3571 1485 3656 possi-

304 3678 403 3750 deant,
422 3677 459 3740 ad
471 3679 554 3760 ipsus
568 3675 698 3740 ecclesie
714 3677 946 3752 incrementum,
967 3678 1010 3741 ita
1033 3684 1133 3741 tamen
1154 3681 1183 3742 rt
1203 3678 1278 3762 ipsis
1301 3679 1486 3744 ecclesiisin

304 3787 412 3850 diuinis
437 3785 545 3850 officiis
569 3785 680 3849 faciant
703 3784 875 3868 diligentius
897 3787 1058 3870 prouideri.
1082 3785 1121 3850 111
1136 3789 1165 3850 in
1181 3787 1270 3850 buius
1286 3788 1332 3850 rei
1348 3790 1486 3852 testimo·

306 3896 385 3959 nium
401 3899 573 3978 presentem
594 3897 733 3979 paginam
748 3895 823 3978 ipsis
850 3895 1070 3967 concessimus,
1094 3894 1186 3978 sigilli
1210 3896 1305 3958 nostri
1326 3899 1485 3961 munimiae

304 4004 482 4068 roboratam.
514 4003 621 4068 Datum
648 4004 727 4088 apud
743 3994 930 4069 bledelicum.
948 4006 1030 4069 Anno
1049 4003 1158 4070 domini
1174 4004 1227 4068 nr.
1242 4002 1313 4068 00⁰.
1327 4005 1431 4071 XXX⁰.
1442 4005 1485 4070 V'.

304 4113 389 4178 xvr.
408 4112 533 4178 Kalend.
550 4113 619 4196 naj.
636 4113 827 4178 Pontificatus
844 4116 939 4178 nostri
954 4115 1036 4177 Anno
1053 4113 1195 4178 secundo.

376 4222 427 4275 Des
440 4221 558 4276 ziemlich
571 4221 775 4276 woblerheltene
788 4219 957 4276 biscbdflicbe
971 4221 1061 4291 Siegel
1074 4222 1156 4291 hongt
1172 4219 1284 4276 mittelst
1301 4221 1375 4278 eines
1390 4223 1486 4293 Perga-

305 4311 498 4366 mentstreifens
511 4329 544 4365 an
557 4311 605 4365 der
617 4311 730 4375 lrleinen,
741 4311 961 4366 unansehnlicheu
974 4311 1107 4366 Urlrunde.

198 4457 200 4464 ,
376 4402 527 4474 Riidiger
551 4420 613 4456 von
638 4403 788 4464 Radeclr,
814 4402 905 4456 frtiher
932 4401 1039 4457 Risehof
1060 4421 1108 4456 von
1134 4401 1284 4466 chiemsee,
1302 4367 1401 4458 ¹uuerde
1424 4404 1484 4456 nael

307 4492 492 4548 Gebhard’s
514 4493 683 4562 Resignation
709 4492 825 4566 (1232),
855 4492 890 4546 im
911 4493 1015 4566 August
1039 4494 1108 4550 1233
1127 4511 1184 4548 zum
1203 4495 1337 4549 Passauer
1357 4495 1484 4550 Bistbume

307 4581 451 4646 beliardem,
464 4583 527 4638 aber
539 4583 693 4639 11111250
706 4583 804 4640 wieder
817 4585 937 4643 eatsetzt.
