3122 5096
301 381 350 457 '16

295 563 466 627 traditionis
476 566 579 660 ,testes
594 563 626 626 hi
642 565 711 626 sunt
726 582 782 646 per
797 582 901 628 aurem
919 562 1056 626 adtracti.
1076 562 1220 630 Otoobor
1234 564 1389 632 marchio.
1408 564 1492 632 Otto.

295 667 422 756 Boidolf.
443 673 525 738 Otto.
543 673 638 739 Pado.
656 672 813 760 Sipihart.
830 671 1012 736 InuestIture
1031 672 1184 739 Otachar.

828 856 953 928 XLVII.

384 996 493 1059 Notum
508 997 547 1060 sit
556 995 692 1060 omnibus
702 1001 763 1059 tam
772 997 925 1080 presentis
935 1015 1023 1079 quam
1036 995 1129 1058 futuri
1144 995 1192 1057 eui
1204 993 1346 1059 fidelibus
1358 959 1491 1081 qualiter

295 1103 425 1187 quidam.
451 1104 488 1167 N.
504 1105 694 1192 Arantpreht
708 1105 832 1169 tradidit
847 1125 938 1188 super
955 1104 1051 1168 altare
1067 1103 1100 1167 S.
1118 1103 1215 1200 hiarie
1231 1103 1383 1168 dimidium
1401 1126 1490 1168 man-

295 1231 360 1274 sum
377 1213 455 1295 apud
473 1212 507 1277 S.
523 1215 694 1279 Andreom.
712 1214 805 1278 Euius
822 1213 994 1277 traditionis
1011 1211 1136 1278 adhibiti
1152 1218 1221 1278 sunt
1236 1215 1341 1276 testes.
1368 1214 1488 1302 Gerolt.

817 1399 958 1470 XLVIII.

383 1535 493 1600 Notum
517 1537 557 1599 sit
579 1538 695 1601 cunctis
718 1543 823 1602 sancte
840 1537 973 1602 ecclesie
989 1536 1060 1600 titiis
1076 1537 1205 1630 quaIIter
1221 1535 1341 1620 quidam
1358 1536 1486 1600 nobilio.

291 1645 327 1708 N.
345 1646 422 1710 Poto
434 1647 549 1710 mondo
562 1647 652 1732 opud
665 1667 723 1712 noc
739 1647 940 1712 renuncians.
959 1645 1065 1730 predia
1081 1665 1135 1708 sua
1151 1644 1333 1708 hereditario
1347 1644 1407 1708 sibi
1418 1645 1487 1708 iure

290 1751 411 1814 tradita.
434 1751 554 1816 scilieet
574 1754 820 1838 Portharta'dorf
828 1759 858 1818 et
876 1753 1097 1840 Compotc'npin
1120 1752 1233 1836 absque
1258 1753 1486 1816 omni-contra-

290 1861 423 1924 dictione
446 1862 571 1924 tradidit
592 1883 684 1946 super
706 1864 802 1927 attare
824 1865 857 1928 S.
874 1865 969 1928 Marie
993 1883 1059 1926 curn
1081 1858 1150 1926 XX⁶
1164 1861 1332 1944 mancipiis.
1356 1881 1485 1944 quorum

288 1969 346 2032 hec
359 1973 429 2032 sunt
441 1969 567 2032 nomina.
585 1971 763 2036 Gotehreht.
781 1970 884 2034 Ellisa.
902 1970 1067 2034 Suauehilt.
1081 1968 1206 2034 Mathilt.
1224 1970 1347 2052 Rapoto.
1361 1967 1483 2032 Wiher.

289 2076 379 2140 Sinna
397 2084 427 2140 et
439 2077 501 2140 tiIia
512 2080 578 2141 eius
590 2078 775 2142 Meriburoh.
794 2076 881 2142 Gdta.
897 2080 1022 2162 Rapcto.
1041 2079 1195 2142 Trutman.
1213 2077 1317 2140 Idiaila.
1336 2076 1482 2142 chuniza.

288 2183 440 2247 Eberhart
463 2190 493 2248 et
515 2184 593 2249 tilius
611 2185 676 2248 eius
694 2159 763 2250 bto.
789 2186 905 2250 Heiiha.
930 2185 1033 2250 Judita
1050 2191 1080 2248 et
1096 2185 1155 2248 tilia
1173 2186 1248 2248 eius.
1275 2185 1367 2248 Huius
1384 2187 1483 2248 tradi·

286 2292 377 2355 tionis
401 2292 528 2356 adhibiti
550 2298 619 2356 sunt
642 2298 748 2358 testes.
781 2293 947 2359 Hartaor'ch
969 2295 1008 2358 dc
1031 2294 1160 2358 treioim.
1191 2293 1319 2376 liudolf.
1345 2295 1482 2379 Rapoto.

285 2401 401 2464 Looao.
418 2401 559 2465 Pornolt.
576 2403 703 2466 Liatoli.
720 2402 907 2467 Amoluocb.
925 2402 1063 2489 Sipifrir.
1080 2402 1198 2466 Sncllo.
1218 2402 1300 2466 Otto.
1322 2402 1480 2466 Wooraoo.

285 2508 389 2572 Zeiao.
412 2509 579 2575 Ehtihort.

826 2641 936 2713 XLIX.

375 2777 522 2841 Nouerint
539 2798 642 2841 ornnes
659 2777 771 2842 Christi
788 2779 895 2843 fideles
912 2779 990 2863 quod
1005 2779 1132 2864 quedam
1145 2784 1278 2842 matrona
1291 2779 1480 2865 Hiltiporoh

284 2884 373 2948 diota.
400 2885 437 2948 oh
461 2887 628 2950 remedium
651 2887 747 2949 anirne
769 2888 880 2951 mariti
898 2887 951 2952 oui
969 2888 1098 2976 Epilotfi
1119 2887 1244 2950 tradidit
1265 2907 1357 2970 super
1382 2886 1477 2949 altare

282 2991 314 3055 S.
340 2991 433 3054 Mario
457 2993 594 3075 predium
621 3015 711 3058 unum
734 2996 918 3078 Pettindorf
935 2995 1024 3058 situm
1048 2994 1127 3078 quod
1160 2993 1349 3060 herodardi
1377 2993 1478 3057 iuerat

281 3098 469 3162 beneficiam.
488 3101 598 3164 Testes
615 3121 688 3163 uero
705 3101 737 3164 hi
755 3108 823 3164 sunt
839 3100 973 3164 adhibiti.
990 3103 1147 3188 Piliprim.
1164 3101 1339 3189 Mepiropoz.
1355 3103 1476 3189 Περίπ-

277 3229 347 3296 pcr.
364 3209 454 3274 Hira.
467 3211 602 3297 Rapoto.
615 3210 753 3274 Altrnon.
769 3209 927 3275 Goronob.
940 3211 1128 3298 Iiepo'ohort.
1140 3212 1308 3276 Adultera
1325 3210 1474 3276 Rabonio.

855 3395 894 3466 L.

369 3531 477 3596 Notum
491 3535 530 3596 sit
542 3532 678 3597 omnihus
691 3531 804 3596 Christi
818 3534 958 3598 fidelihus
971 3533 1178 3619 quodquidam
1191 3531 1346 3619 Itddoifco
1357 3535 1473 3600 nobilia

277 3660 333 3724 pro
350 3640 485 3704 remedio
511 3643 606 3704 anime
624 3643 724 3704 uxoris
746 3663 799 3704 sue
823 3641 908 3705 dedit
923 3663 1058 3706 mansum
1080 3663 1170 3706 unum
1193 3643 1230 3705 ad
1248 3645 1472 3731 Compotinpin

277 3751 314 3812 ad
337 3749 432 3812 altare
456 3749 489 3812 S.
507 3749 612 3812 Marie.
639 3749 730 3812 Iluius
753 3749 922 3814 traditionis
946 3771 1002 3834 per
1024 3771 1111 3816 aures
1134 3751 1260 3814 adtracti
1277 3757 1346 3814 sunt
1361 3757 1469 3814 testes.

274 3859 440 3946 Peotnpcr.
457 3858 638 3923 perinhart.
655 3859 745 3959 Poto.

844 3993 898 4063 LI.

365 4133 491 4198 Nouerit
511 4133 640 4197 omniurn
656 4133 687 4195 in
705 4132 825 4197 Christo
842 4131 974 4197 bdelium
990 4138 1049 4196 tarn
1066 4153 1194 4216 presens
1210 4136 1274 4196 etas
1291 4151 1380 4216 quam
1397 4154 1468 4198 suc·

273 4264 399 4308 cessura
415 4245 579 4326 posteritas
598 4241 725 4326 quaIiIer
740 4243 914 4306 fraternitas
931 4244 988 4305 ista
1006 4240 1228 4324 comparauerit
1239 4245 1354 4325 partem
1368 4241 1466 4325 predii

272 4353 350 4436 apud
365 4353 446 4440 pric.
464 4351 631 4437 Irtnoporp
647 4349 759 4413 dictum
775 4349 813 4413 ab
829 4353 960 4415 Eooonc.
989 4348 1048 4413 IIII.
1066 4351 1188 4413 marcis.
1217 4349 1293 4412 Huic
1310 4349 1467 4414 traditioni

270 4482 326 4544 per
359 4479 447 4522 aures
481 4458 609 4522 adtracti
642 4463 711 4522 sunt
742 4463 849 4522 testes.
889 4459 1047 4547 Pitiprim.
1087 4457 1261 4545 Mepiopoc.
1293 4457 1465 4546 Rapinpcr.

270 4570 436 4633 Haowart.
