3122 5096
1197 379 1248 456 ὅθ

66 583 193 628 mausum
216 584 274 647 pro
291 563 425 626 remedio
442 562 540 624 anime
555 561 695 626 Hoholdi
710 559 838 648 oopnoti
851 559 904 626 mi
924 558 982 622 iam
998 559 1144 624 defuncti.
1167 559 1253 622 ouius

64 677 92 736 et
105 673 258 756 peticione
274 673 354 735 idem
370 670 508 754 predium
525 670 686 750 delegauit.
713 669 787 735 lluio
804 667 987 748 delegationi
1004 675 1098 734 testes
1114 669 1166 732 isti
1182 671 1253 732 sunt

62 780 175 844 adsciti.
207 779 368 844 Amoldur
389 781 495 862 frater
518 779 662 864 predicti
685 779 834 845 Hoholdr'.
867 781 1098 847 Perinhorduo.
1131 773 1249 842 Christo.

64 887 260 954 Odoloooloh.
277 889 440 953 neeman
458 889 609 974 Eherper.
626 889 787 954 Ehlrr'rdoh.

578 1053 729 1127 CCXLll.
756 1099 758 1106 ‚

146 1177 210 1240 Sed
233 1182 265 1240 et
288 1177 344 1240 hoo
370 1177 512 1239 memorie
537 1178 802 1244 commendandum
827 1179 907 1262 quod
931 1180 1053 1265 quidam
1068 1175 1251 1243 Hortmr'ouo

60 1287 96 1349 de
107 1286 237 1370 familia
253 1308 278 1350 o.
296 1285 456 1371 Stephani
481 1286 604 1349 tradidit
625 1307 717 1370 super
733 1288 828 1352 altere
846 1288 878 1351 S.
899 1286 992 1352 llarie
1008 1287 1146 1372 predium
1165 1305 1251 1348 suum

59 1396 93 1459 ad
108 1394 323 1481 Noppindorf
332 1393 473 1478 quioquid
489 1394 519 1456 in
537 1415 573 1458 eo
590 1394 657 1459 looo
674 1397 857 1462 hereditario
873 1397 939 1460 iure
954 1397 1143 1482 possederat.
1166 1394 1252 1476 Quod

59 1507 89 1564 ut
105 1509 254 1588 perpetuo
278 1507 372 1564 ratum
396 1504 511 1566 existat.
537 1503 637 1566 idonei
658 1509 753 1568 testes
770 1505 802 1566 hi
818 1505 986 1570 adstabant.
1014 1507 1085 1571 orto
1102 1508 1133 1567 et
1145 1505 1252 1586 frater

57 1612 123 1676 eius
138 1611 313 1676 Heinriooo
328 1611 367 1674 de
382 1610 630 1676 Steinohirolrin.
655 1613 747 1678 Pedo.
772 1615 923 1700 Eherper.
947 1614 1083 1678 Aooroirz.
1111 1611 1250 1698 Liupolt.

60 1720 138 1784 Otto.
166 1719 347 1782 lnuestiture
367 1719 447 1783 ooo.
472 1721 623 1806 Ederper.
969 1717 972 1722 ’

572 1888 739 1959 uoxuul.

143 2009 256 2072 Notum
278 2007 319 2071 sit
341 2009 457 2072 eunetis
482 2007 596 2072 Christi
619 2011 766 2092 sauguine
782 2010 957 2095 redemptis.
986 2011 1115 2095 qualiter
1130 2009 1249 2096 quidam

52 2118 223 2206 Mepinpoa
238 2117 273 2180 iro
289 2117 442 2182 ootromio
453 2118 582 2204 ponitur
597 2117 752 2200 delegauit
766 2123 884 2184 uineam
901 2139 988 2184 unam
1006 2121 1043 2184 ad
1060 2119 1251 2184 huntrshor‘m

52 2228 81 2288 iu
97 2245 219 2289 manum
242 2225 404 2290 Perhurdr'
423 2227 643 2292 aduocationi
658 2227 856 2310 delegandam
872 2229 909 2292 ed
926 2229 1020 2292 altare
1036 2228 1068 2291 S.
1086 2227 1180 2292 ltlarie
1195 2246 1252 2310 pro

52 2334 188 2396 remedio
207 2334 305 2396 anime
322 2355 385 2397 sue.
417 2333 504 2415 Quod
521 2339 552 2398 et
567 2336 679 2398 factum
696 2339 752 2398 est.
768 2341 798 2398 et
812 2340 908 2400 testes
925 2337 977 2400 isti
993 2355 1048 2418 per
1064 2355 1165 2398 aurern
1182 2338 1252 2396 suut

53 2443 176 2508 adsoiti.
195 2442 388 2529 Mepinhurt.
403 2443 490 2528 pilius
502 2443 647 2508 Ehhirioi
658 2445 698 2508 de
709 2441 869 2528 plurifario.
887 2449 918 2506 et
931 2443 1085 2526 predictus
1098 2443 1246 2508 Perhart.
1358 2495 1360 2499 .

49 2553 254 2617 nannenus.
274 2552 376 2616 neruo.
396 2529 561 2618 duarum.
581 2549 733 2618 cuonrat.

570 2728 735 2801 noxum.

143 2847 296 2912 Nouerint
322 2848 457 2912 uniuersi
486 2849 593 2934 spiritu
621 2851 789 2936 adoptionis
817 2851 925 2914 renati.
955 2849 1034 2934 quod
1061 2851 1115 2914 uir
1137 2850 1252 2914 nobilio

48 2959 248 3024 Adolbertos
263 2957 562 3024 hierosolimitanus.
586 2959 624 3022 de
639 2959 788 3024 henefioio
804 2959 883 3044 apud
898 2961 1008 3024 werdo
1032 2958 1112 3044 quod
1128 2979 1163 3021 se
1179 2979 1253 3022 oon-

48 3066 190 3149 tingebat
207 3070 343 3148 recepto.
369 3065 416 3129 Vl.
442 3085 609 3130 marearum
633 3069 748 3152 precio.
775 3089 842 3132 oum
858 3088 946 3134 manu
971 3069 1071 3134 uxoris
1090 3071 1120 3132 et
1137 3067 1190 3131 filii
1206 3067 1252 3131 sui

48 3196 146 3258 super
164 3173 261 3238 altare
277 3173 310 3236 S.
328 3174 422 3238 llario
438 3197 473 3238 se
490 3176 651 3242 ehdieuuit.
677 3176 752 3242 Huic
769 3176 943 3258 allegationi
958 3177 1125 3240 intererant
1140 3175 1250 3239 milites

45 3285 104 3348 sui.
123 3286 180 3370 qui
198 3281 236 3344 ab
253 3303 289 3346 eo
306 3282 386 3344 idem
402 3281 582 3346 heneficium
594 3283 762 3348 habuerant
778 3291 809 3348 et
820 3305 875 3368 per
886 3305 989 3348 aurem
1005 3285 1035 3348 in
1047 3285 1250 3350 testimonium

46 3398 117 3455 sunt
132 3392 272 3456 adducti.
287 3396 319 3454 ut
330 3395 475 3474 perpetuo
486 3396 583 3455 ratum
597 3394 713 3456 existet.
732 3393 923 3459 Gotiooaloh.
942 3395 1088 3480 Hapono.
1105 3393 1249 3477 Wolflrer.

46 3501 206 3567 uiutwin.
230 3503 261 3564 et
277 3499 317 3562 hi.
342 3500 524 3564 Pertnhort.
548 3501 709 3566 Ehhirr'oh.

579 3677 730 3750 CCXLV.
798 3715 801 3718 ·

140 3797 257 3862 Notum
274 3797 314 3860 sit
330 3797 431 3864 etheo
444 3801 562 3864 eunctis
575 3799 728 3865 fidelihus.
747 3802 825 3886 quod
837 3801 966 3885 quedam
979 3799 1093 3866 nobilio
1104 3805 1251 3864 matrona

44 3909 199 3974 Gerdmt
217 3906 333 3970 retiola
356 3907 502 3972 Ehlririoi
524 3909 564 3972 de
580 3905 731 3994 chrifaro'rr
754 3910 905 3993 delegauit
927 3910 964 3972 ad
988 3909 1084 3972 altare
1101 3907 1134 3970 S.
1153 3906 1249 3970 Merie

43 4016 197 4100 predium
214 4011 410 4082 eerioiora.
427 4022 499 4099 post
515 4035 601 4080 suum
618 4016 730 4080 obitum
748 4020 797 4082 hio
814 4017 871 4080 deo
889 4018 1091 4082 seruientibus
1105 4018 1137 4080 in
1149 4036 1246 4080 usum.

43 4127 148 4190 Huius·
175 4123 222 4187 rei
250 4127 347 4187 testes
374 4128 474 4188 extant
501 4124 612 4188 idonei.
637 4125 804 4192 Hortamur
826 4131 856 4188 et
878 4126 1071 4213 Mopinhort.
1104 4126 1251 4210 Wolflter.

41 4233 231 4302 suaderet.
250 4232 304 4298 11⁰.
321 4233 477 4298 Dummodo.

574 4345 739 4418 ccxlvi.
870 4393 872 4400 κ

138 4469 185 4532 Et
202 4467 260 4530 hoo
276 4467 421 4530 memorie
438 4465 571 4531 fidelium
585 4469 851 4533 commendandum
863 4469 943 4553 quod
955 4467 1081 4554 quedam
1094 4489 1250 4534 conuerso

38 4579 177 4644 Bertha
201 4576 355 4656 delegauit
376 4594 508 4639 mansum
537 4596 624 4640 unum
649 4577 686 4639 ud
712 4577 856 4662 Wolsoho
884 4579 915 4641 in
939 4595 1055 4642 manum
1085 4575 1251 4641 chunradi
