3122 5096
23 627 27 638 ¹
82 612 157 695 Quod
173 616 205 676 ot
222 613 378 696 peractum
396 613 443 674 est
459 609 496 674 ab
514 610 619 688 eodem
636 611 833 678 Heidinm'co.
857 611 986 677 testibus
1007 613 1075 678 istis
1091 634 1147 697 per
1164 633 1265 678 aurem

82 721 223 785 adtractis.
249 720 414 808 Pilipaimo
432 719 517 782 ouius
534 724 565 781 et
579 720 726 802 predium.
751 721 922 787 nmmum
937 723 978 786 de
993 723 1111 788 merda.

161 829 250 893 idem
274 828 600 915 quoque‘Pilipaimm
622 827 679 890 alio
696 833 831 912 tempore
854 829 1009 911 delegauit
1024 831 1161 914 predium
1178 850 1265 894 suum

81 937 236 1001 adlimam
248 935 445 1019 superaltare
457 935 605 999 S.Marie.
618 937 784 1002 ecelesiam
796 938 917 1003 scilicet
928 958 994 1003 cum
1007 939 1077 1002 dote
1090 937 1265 1003 etomnibus

80 1043 271 1128 appendiciis.
300 1063 367 1108 oum
394 1043 552 1127 mancipiis
578 1047 609 1106 et
629 1044 772 1127 quiequid
801 1045 837 1108 ad
864 1045 945 1109 idem
969 1045 1107 1128 predium
1133 1046 1266 1130 pertinet

79 1153 183 1216 cultum
207 1158 238 1217 et
261 1153 415 1218 incultum.
439 1156 510 1237 post
531 1151 643 1215 obitum
666 1172 750 1215 suum
772 1152 842 1216 huic
865 1154 997 1218 ecclesie
1022 1154 1088 1216 iure
1115 1158 1265 1237 perpetuo

79 1261 250 1325 cedendum.
273 1261 320 1325 his
342 1261 470 1326 testibus
495 1259 647 1323 adhibitis.
673 1261 844 1348 Bepinper.
880 1263 1028 1327 Woltlrer.
1057 1263 1212 1329 Eleleiriole
1235 1268 1265 1326 et

74 1369 153 1454 filim
167 1371 238 1434 eiua
253 1362 428 1434 Hodomur.
446 1368 614 1434 Hortmicle
630 1369 670 1433 de
681 1370 859 1434 Rodnicleo.
876 1371 1030 1435 Herimon
1044 1373 1074 1434 et
1081 1373 1188 1454 frater
1199 1371 1266 1436 eim

76 1479 259 1560 chinlrart.
279 1479 426 1543 Gandmt.
442 1478 640 1564 Mepinlmrt.
656 1479 798 1544 Wielom.
817 1482 987 1566 Purpmoe.
1005 1483 1097 1544 Pero.
1114 1479 1262 1544 Ioimicle.

77 1586 236 1650 Heinrich.
256 1586 399 1651 menan
414 1589 444 1648 et
456 1588 563 1668 frater
579 1585 647 1649 eim
662 1587 827 1650 Heinrich.
849 1587 965 1651 Tiemo.
985 1587 1148 1652 Elelriricle.

160 1695 226 1758 Alio
242 1697 377 1778 tempore
393 1693 477 1758 idem
493 1694 678 1780 Piliprimoe
695 1693 849 1775 delegauit
864 1693 901 1756 ad
917 1694 997 1758 idem
1011 1693 1104 1758 altare
1116 1695 1264 1778 quendam

74 1803 248 1868 'tiemonem
273 1823 340 1868 cum
363 1823 453 1866 uxore
477 1807 508 1866 et
530 1803 611 1866 filiis.
626 1823 706 1867 -cum
732 1803 846 1886 prediis
872 1809 902 1866 et
926 1803 1084 1888 mancipiis
1101 1803 1138 1867 ab
1155 1825 1190 1868 eo
1207 1802 1265 1868 sibi

74 1912 184 1976 collatis
201 1913 382 1998 potestatiua
394 1931 481 1975 manu
493 1913 522 1974 in
534 1913 688 1995 proprium
701 1913 747 1974 ius
761 1911 903 1975 fratribus
916 1912 965 1975 hic
980 1913 1036 1976 deo
1051 1913 1263 1977 seruientibus.

74 2019 162 2083 liuius
183 2021 355 2084 traditionis
376 2024 471 2083 testes
494 2024 565 2082 sunt
587 2019 705 2084 adsciti.
730 2020 884 2084 Herimcm
900 2022 940 2084 de
954 2021 1156 2086 duminheim.
1170 2021 1263 2086 om.

75 2129 217 2213 Wolflmm
235 2129 394 2194 Dietricd.
411 2127 631 2214 Eripilscolclr.
649 2127 825 2215 Sipiprelct.
843 2129 1007 2192 Herimon.
1025 2129 1195 2194 Adoldero.

157 2238 321 2318 Delegauit
337 2238 375 2300 ad
392 2235 519 2299 eundem
533 2235 661 2320 tytulum
678 2235 777 2298 atalia
790 2235 947 2318 mancipia.
964 2233 1182 2297 Perinhardum
1196 2249 1263 2296 cum

67 2365 156 2408 uxore
169 2352 203 2408 et
212 2345 281 2408 liliis
291 2345 322 2407 in
335 2345 487 2429 proprium
499 2345 670 2409 seruioium.
689 2344 780 2407 Huius
794 2345 839 2406 rei
850 2348 946 2407 testes
959 2348 1068 2407 extant.
1085 2339 1264 2407 Raidbemm

68 2455 107 2518 de
120 2456 241 2519 balaae.
258 2455 433 2520 Hortmielr.
451 2453 613 2518 Meridoto.
630 2453 794 2518 Hammon.
812 2452 967 2539 Sipilmrt.

155 2562 270 2626 Postea
285 2563 359 2625 uero
376 2581 414 2624 ne
425 2561 484 2625 ulla
498 2560 643 2644 deinceps
656 2561 855 2625 contradictio
869 2561 1010 2624 oriretur.
1028 2564 1137 2642 rogatu
1150 2559 1262 2623 domini

65 2669 231 2736 Nomonic
246 2671 368 2736 addatis
385 2674 416 2734 et
427 2671 561 2734 fratrum.
579 2669 769 2754 supradictas
782 2689 886 2732 omnes
898 2669 1078 2732 traditiones
1090 2669 1262 2752 prediorum

66 2783 96 2839 et
112 2779 343 2862 mancipiorum.
370 2779 399 2840 in
424 2779 578 2861 presentia
602 2778 712 2842 domini
736 2779 898 2844 Naucanio
920 2779 1043 2844 addatis
1065 2785 1097 2842 et
1111 2776 1265 2864 Liopoldi

64 2887 271 2952 marchionis.
289 2891 432 2969 presente
444 2887 532 2950 etiam
541 2887 609 2972 filio
623 2888 691 2952 eim
702 2888 875 2952 Adolberio
888 2887 1054 2952 aduocato.
1067 2907 1159 2970 super
1169 2887 1263 2949 altare

65 2993 98 3055 S.
115 2994 213 3058 llario
236 3000 267 3058 et
287 3001 459 3060 sanctorum
484 2995 627 3078 reliquias
651 2995 849 3080 confirmauit.
873 3001 904 3060 et
918 2995 1127 3060 inuestituram
1143 2999 1263 3058 contra-

63 3102 148 3166 didit.
183 3102 278 3166 Huius
306 3104 475 3169 traditionis
497 3110 593 3168 testes
620 3104 732 3166 idonei.
761 3104 792 3166 hi
816 3109 886 3168 sunt
910 3105 1030 3168 adsciti.
1058 3104 1263 3169 Gedelmrdm

64 3232 176 3276 conseo.
191 3212 362 3277 Addidero.
379 3212 531 3277 Elclcirielc
549 3216 580 3274 et
587 3213 674 3298 filim
687 3213 755 3278 eim
767 3215 943 3288 Hodomar.
960 3213 1117 3276 Hortlicb.
1134 3208 1261 3296 Riidolf.

62 3320 253 3384 Perinkari.
271 3319 450 3386 Heitoolclr.
474 3320 620 3404 Wolflm.
638 3319 818 3383 lnuestilure
836 3320 1003 3386 Adoldero.
1019 3319 1183 3385 Eleleiaiele.

612 3447 720 3576 ccxl.

153 3645 286 3728 Quidam
303 3648 403 3710 etiam.
421 3645 458 3708 N.
482 3646 605 3712 Volratd
622 3646 659 3710 ad
672 3645 801 3710 eundem
813 3645 938 3730 tytulum
951 3645 1076 3709 tradidit
1087 3646 1263 3728 mancipium

58 3775 150 3818 unum
167 3753 322 3818 uocabulo
340 3753 482 3817 Switlrer.
508 3775 563 3838 pro
581 3774 685 3818 censu.
713 3753 746 3817 V.
772 3753 961 3818 denariorum
985 3750 1041 3816 suh
1066 3752 1113 3815 his
1135 3751 1264 3816 testibus

58 3863 166 3930 Zeieo.
185 3862 253 3928 Izo.
271 3863 370 3928 lmiei.
389 3864 508 3928 Gemit.
525 3863 713 3951 Adolprelet.

607 4048 729 4118 ccxli.

150 4191 301 4254 Memoria
326 4209 447 4274 quoque
470 4211 486 4250 a
503 4187 643 4252 fidelihus
667 4194 697 4250 et
713 4189 770 4251 hoc
787 4189 897 4266 iugiter
916 4193 964 4248 est
980 4185 1168 4248 retinendum
1185 4187 1264 4268 quod

54 4301 282 4362 Hetimannm
305 4299 346 4362 de
369 4298 572 4362 hunmdeim.
597 4297 650 4360 uir
665 4297 780 4361 nobilio
802 4296 1036 4362 hierosolimam
1048 4297 1264 4380 profectuum.

53 4404 221 4488 delegauit
244 4423 338 4487 super
360 4404 454 4468 altare
479 4405 511 4468 S.
538 4404 634 4466 llario
650 4403 767 4467 curtalo
789 4423 876 4467 unum
894 4403 931 4466 ad
947 4402 1097 4468 Iludnicle
1112 4403 1211 4464 situm.
1229 4421 1264 4464 aa

52 4516 178 4580 ratione
210 4513 240 4576 si
264 4513 334 4596 ipso
362 4533 421 4576 non
449 4516 666 4578 reuerteretur.
695 4511 745 4576 uel
773 4513 798 4574 si
817 4514 926 4595 frater
952 4512 1020 4576 eius
1041 4511 1265 4597 Repindordm
1349 4493 1353 4500 ⁴

52 4622 180 4688 obierit.
198 4619 329 4704 ‘absque
351 4619 410 4684 ulla
434 4620 670 4685 contradictione
692 4619 723 4684 in
748 4638 832 4682 usum
858 4619 948 4684 cedat
969 4618 1114 4684 tratribus
1136 4617 1184 4681 hic
1207 4618 1264 4680 deo

411 4739 415 4749 .
1009 4727 1047 4771 μ
