3076 5094
30 399 34 594 l

1181 388 1252 462 251

30 601 32 652 j
81 567 188 632 allodia
218 567 399 632 marchionis
431 565 588 655 leopoldi
610 570 641 628 et
671 563 851 647 quorundam
874 563 1016 628 nobilium
1045 564 1205 628 reuertitur
1226 567 1257 630 iu

81 677 173 742 riuum
197 679 362 742 ccdirmar.
393 675 438 740 Ad
460 675 537 738 hauc
559 671 745 756 parrochiam
768 671 898 754 pertinet
919 673 1008 734 etiam
1029 674 1213 740 Hoacatctia
1229 680 1259 738 et

79 787 244 852 Macronis.
277 785 468 850 Parrochiam
490 783 527 847 ad
549 781 712 848 Pircdalna
735 801 800 843 cum
825 779 957 844 omnibus
981 781 1166 865 appendiciis
1183 783 1255 856 suis,

81 915 136 979 que
160 895 251 959 habet
272 895 428 958 terminum
452 911 557 956 uersus
574 889 760 954 occidentem
780 889 938 954 tresiraom
974 888 1092 952 fluuium
1122 889 1159 954 ab
1190 896 1257 956 ortu

78 1023 131 1067 suo
147 1024 246 1090 osque
275 1004 313 1068 ad
339 1002 439 1066 uillam
459 1022 484 1064 s.
507 999 663 1086 Yppoliti.
685 997 794 1061 deinde
818 1001 893 1060 uiam
915 998 1175 1081 septentrionalem
1197 1020 1256 1084 que

76 1112 155 1176 ducit
172 1112 212 1176 de
228 1134 252 1176 s.
275 1111 421 1200 Yppolito
437 1111 473 1174 ad
486 1109 642 1194 Mcdtpris
658 1128 712 1190 per
730 1105 828 1173 uillam
848 1108 1001 1194 Waprcim
1023 1113 1053 1170 et
1068 1129 1122 1192 per
1136 1109 1253 1184 siluam,

75 1240 132 1303 que
152 1226 277 1284 uocatur
296 1219 471 1294 lirnium,
497 1218 605 1281 deinde
633 1217 669 1280 ad
698 1215 796 1278 uillam
824 1236 882 1300 que
908 1220 1031 1279 vocatur
1054 1217 1254 1293 Sidialairtia
1335 1289 1340 1298 ,

74 1329 181 1393 deinde
203 1327 361 1408 interduo
389 1327 499 1390 allodia
526 1325 689 1391 llilliderti
711 1329 742 1386 et
772 1324 919 1388 Waltoais
942 1324 972 1386 in
999 1323 1099 1390 uillam
1123 1329 1253 1406 Tiaria3

72 1457 178 1502 uersus
196 1437 339 1502 orientem
356 1435 578 1500 Persaicclaam
602 1433 638 1496 ab
659 1437 724 1498 ortu
746 1451 800 1496 suo
823 1453 916 1516 usque
940 1432 977 1496 ad
998 1433 1099 1498 uillam
1124 1437 1253 1514 Tiaria;

70 1567 178 1611 uersus
190 1545 347 1610 australem
362 1550 475 1628 partem
489 1543 705 1626 semitamque
720 1546 843 1605 uocatur
854 1542 1020 1608 Pecdsticls
1032 1544 1110 1606 iuter
1127 1543 1251 1608 confinia

70 1654 245 1720 allodiorum
266 1652 468 1725 marchionis,
495 1652 650 1717 Hoderici
672 1655 703 1714 et
724 1647 864 1736 liddam,
893 1655 924 1714 et
945 1651 986 1714 ita
1008 1671 1113 1716 uersus
1141 1655 1249 1719 caria-

69 1763 180 1830 tlaiam.
206 1761 353 1847 Quicquid
369 1762 445 1826 infra
461 1760 516 1824 hos
529 1761 670 1824 terminos
688 1764 735 1822 est
752 1758 822 1822 culti
839 1762 870 1821 et
884 1759 987 1822 inculti
1010 1760 1047 1822 ad
1062 1762 1250 1844 parrochiam

68 1872 233 1940 Pircloalm
252 1872 392 1954 pertinet.
422 1867 466 1933 Ad
481 1869 620 1934 matoria
634 1868 791 1933 Aailiaam
806 1872 836 1932 et
851 1867 939 1931 alium
966 1869 1130 1934 Aailiaam.
1158 1873 1249 1936 Gera-

68 1982 217 2046 maadum
233 1999 299 2045 cum
315 1977 469 2044 beneficiis
485 1978 556 2042 suis.
572 1976 685 2040 lbidem
701 1975 878 2042 heneficium
893 1977 1042 2044 Elrlscrici
1057 1998 1122 2044 cum
1137 1981 1250 2044 manci-

68 2090 125 2173 piis
142 2095 177 2154 et
191 2087 327 2153 omnibus
343 2077 530 2172 appendiciis
545 2086 607 2150 suis
624 2090 749 2170 excepto
766 2085 887 2150 dimidio
899 2107 1013 2151 mansu.
1048 2089 1194 2153 Brauronia
1210 2086 1248 2152 de

67 2197 216 2262 beneflcio
238 2197 370 2262 eiusdem
392 2197 540 2262 Elicerici
565 2215 631 2259 cum
657 2193 811 2278 mancipiis
838 2199 868 2258 el
901 2195 1035 2259 omnibus
1060 2197 1247 2280 appendiciis

67 2307 138 2370 suis.
170 2306 369 2372 Haatislacim
395 2303 580 2371 Rddwiaam
603 2323 669 2366 cum
696 2302 851 2368 beneficiis
882 2304 952 2368 suis.
982 2305 1247 2393 Cloellorpaaaaia

65 2415 183 2479 nineam
209 2415 231 2478 1.
259 2435 325 2480 eum
348 2415 476 2480 uinitore
500 2418 531 2477 et
553 2412 689 2476 omnibus
712 2412 897 2496 appendiciis
920 2413 992 2478 suis.
1023 2409 1254 2498 Ritkcrcsdors

64 2524 169 2588 uineas
181 2524 229 2588 lll.
247 2529 279 2588 et
295 2523 444 2589 dimidiam
460 2542 525 2586 cum
542 2522 668 2584 uinitore
686 2519 718 2607 (l
729 2519 924 2606 vinitoribus)
938 2526 969 2584 et
980 2522 1113 2586 omnibus
1131 2542 1244 2608 appen-

64 2633 150 2698 diciis
176 2634 250 2698 suis.
293 2632 396 2696 Villam
421 2633 515 2696 Pana
536 2636 661 2714 excepto
679 2651 782 2694 mansu
797 2648 865 2694 uno.
896 2631 1104 2718 Horpiapacla
1121 2638 1244 2714 excepto

62 2761 168 2806 mansu
189 2761 247 2806 uno
266 2761 332 2806 eum
354 2741 510 2824 mancipiis
528 2744 558 2802 et
573 2739 708 2803 omnibus
722 2739 905 2822 appendiciis
922 2740 994 2804 suis.
1029 2741 1162 2805 Talaria
1178 2761 1243 2804 cum

60 2850 158 2914 uineis
175 2855 206 2914 et
229 2851 356 2914 uinitonc
378 2855 409 2912 et
433 2847 568 2912 omnibus
585 2847 771 2931 appendiciis
788 2849 861 2912 suis.
898 2849 1073 2914 Variacum
1090 2851 1244 2934 mancipiis

61 2965 90 3022 et
113 2959 251 3024 omnibus
274 2957 460 3042 appendiciis
483 2957 555 3030 suis,
580 2961 610 3020 et
631 2955 735 3019 siluam
759 2976 816 3039 que
839 2957 955 3020 adiacet
971 2958 1063 3021 monti
1079 2959 1163 3023 cuius
1179 2965 1243 3022 ter-

59 3069 155 3132 minus
173 3077 221 3132 est
242 3068 325 3132 riuus
335 3070 440 3154 pulta,
463 3085 580 3130 sursum
602 3067 743 3148 usquein
760 3067 1007 3140 Cdaaradildacd,
1024 3067 1132 3132 abhinc
1148 3087 1243 3152 nsque

57 3176 95 3239 ad
133 3175 291 3240 confinium
323 3175 555 3263 saladarpeasis
585 3173 684 3258 predii
722 3177 753 3238 et
783 3175 984 3241 marchionis.
1033 3176 1243 3241 Cluacisteiia

58 3302 125 3347 eum
148 3283 245 3346 uineis
269 3288 300 3347 et
316 3284 443 3348 uinitone
460 3287 490 3346 et
513 3281 648 3345 omnibus
665 3281 850 3365 appendiciis
866 3284 938 3347 sois.
977 3283 1161 3368 Ecdiadorf
1177 3305 1242 3348 com

55 3391 213 3476 mancipiis
243 3397 274 3455 et
299 3391 433 3455 omnibus
460 3391 643 3474 appendiciis
660 3393 732 3454 suis.
763 3391 1015 3477 Pamoaaiadorf
1032 3412 1097 3456 cum
1126 3393 1240 3456 manci-

52 3499 112 3582 piis
141 3504 172 3562 et
199 3499 336 3562 omnihus
363 3498 549 3584 appendiciis
572 3499 644 3562 suis.
677 3499 826 3583 Naadorf
850 3501 951 3564 uineas
982 3501 1031 3563 lll.
1063 3502 1249 3585 Aaaiadorf

52 3608 156 3671 uineas
172 3608 209 3670 ll.
241 3607 466 3691 Imiaiaesdorf
475 3609 590 3671 uineam
606 3609 628 3670 1.
653 3609 877 3693 Ratoldisdors
886 3627 952 3673 cum
969 3609 1105 3673 omnibus
1121 3631 1236 3694 appen-

50 3716 140 3780 diciis
156 3718 231 3780 suis.
253 3717 299 3780 Ad
315 3739 339 3780 s.
362 3717 541 3805 Yppolitaaa
556 3723 670 3801 partem
693 3719 919 3782 decimationum
936 3723 966 3782 et
981 3739 1112 3816 mansum
1130 3721 1152 3784 l.
1170 3740 1235 3784 com

50 3825 187 3889 omnibus
214 3825 400 3908 appendiciis
430 3827 502 3890 suis.
535 3827 573 3890 ut
598 3827 628 3889 in
654 3826 710 3890 alia
731 3828 795 3912 ripa
816 3829 948 3892 Treisim
963 3849 1068 3892 uersos
1085 3830 1236 3917 acapreira

49 3931 249 3996 molendinum
263 3952 330 3996 cum
346 3933 532 4016 appendiciis
548 3935 611 3998 suis
628 3933 692 3998 etll
703 3935 767 3998 loca
783 3935 954 3998 molendini.
978 3935 1244 4022 Stoadratiodorf

47 4061 180 4104 mansum
204 4041 225 4104 l.
251 4041 449 4108 Peclasatilia
471 4063 538 4106 cum
561 4041 696 4106 omnihus
714 4043 899 4128 appendiciis
921 4044 995 4107 suis.
1027 4044 1233 4133 Scaawiapia

46 4169 114 4214 cum
141 4149 296 4232 mancipiis
319 4155 351 4214 et
373 4150 509 4216 omnihus
537 4153 722 4236 appendiciis
749 4155 821 4216 suis.
861 4153 1074 4237 Bliadiadorf
1099 4174 1231 4219 mansum

44 4277 142 4322 unum.
166 4258 407 4343 Pascolaasdorf
422 4281 541 4325 mansus
563 4262 644 4324 llll⁰¹.
668 4261 835 4326 Hoabcroln
852 4279 919 4325 cum
932 4261 1066 4326 omnibus
1084 4264 1230 4347 appendi-

44 4366 99 4430 ciis
120 4365 183 4432 suis
203 4371 234 4430 et
253 4367 396 4452 quidquid
416 4370 493 4433 inter
513 4369 790 4434 duasPersailalaas
812 4369 923 4454 cultum
945 4374 977 4434 et
991 4371 1132 4436 incultum
1149 4375 1232 4456 epis-

43 4473 156 4560 copalis
177 4475 250 4539 iuris
276 4477 373 4550 iacet,
398 4483 522 4562 excepto
545 4499 637 4542 censo
660 4478 698 4542 de
731 4477 850 4561 publiea
878 4481 935 4542 oia.
970 4479 1231 4546 Cdaailnolnstetia

42 4585 187 4650 uioeasV
211 4591 241 4650 et
264 4585 425 4652 dimidiam.
457 4589 657 4654 Zoiaiaaaaro
679 4587 856 4654 beneficium
871 4589 1046 4676 Bepiaoldi.
1085 4591 1228 4656 Gaailria·
