3106 5104
1235 374 1285 446 93

6 569 8 574 ·
81 551 246 634 sodomam
264 549 325 614 sihi
340 551 475 614 uicissim
498 549 618 613 madito.
653 551 715 614 Hoc
738 548 942 614 confirmatum
968 553 1015 612 est
1037 568 1095 632 per
1116 551 1288 614 sanctorum

6 665 7 668 ’
82 660 224 744 reliquiis
239 666 305 735 (sie)
319 661 464 742 presente
477 659 633 724 aduocato
646 665 753 724 nostro
765 658 936 723 Adolbcrto
950 658 1123 742 ceterisque
1134 657 1286 723 nobilibus

83 771 158 833 uiris
183 772 216 833 in
238 767 441 832 testimonium
465 766 600 830 adscitis.
634 764 766 847 Quorum
781 765 840 829 hec
856 769 927 830 sunt
942 765 1071 829 nomina.
1103 766 1286 834 Hortuuicb

84 879 124 942 dc
140 876 343 966 tenpinbocb.
364 877 436 942 Otto
453 878 483 936 et
491 876 598 958 frater
609 875 677 939 eius
689 875 858 940 Bertohiua
869 874 910 940 dc
922 873 1101 959 lnadbdorf.
1118 874 1286 942 Hortuicb

6 977 7 984 '
84 987 124 1050 de
137 984 300 1052 Rodnicb.
325 982 531 1072 Eupilscolch
548 985 588 1049 do
603 983 767 1048 monetale.

600 1131 779 1203 CCCLVil.

6 1343 8 1362 ἓ
177 1272 294 1336 Eodem
310 1289 387 1335 auno
404 1270 556 1354 delegauit
571 1270 692 1355 quidam
703 1271 821 1334 nomine
836 1270 978 1338 Wotber
988 1271 1028 1336 de
1043 1269 1205 1335 Chremioe
1217 1288 1286 1333 oum

6 1367 7 1372 ἵ
86 1401 173 1444 manu
195 1381 313 1446 acoris
333 1401 389 1446 soc
411 1400 505 1462 super
525 1379 670 1464 reliquias
692 1383 864 1443 sanctorum
885 1380 1003 1443 uincam
1027 1398 1114 1442 unam
1131 1379 1161 1441 in
1178 1377 1285 1441 eodem

6 1499 8 1510 ’
86 1489 151 1553 loco
180 1491 269 1552 sitam
299 1508 366 1552 cum
391 1488 512 1551 licentia
536 1488 699 1574 prepositi
717 1486 881 1576 Popponio
903 1485 1099 1552 marchionis
1122 1487 1172 1571 qui
1195 1487 1283 1550 etiam

6 1679 7 1684 ἵ
86 1600 173 1662 testis
190 1597 346 1661 adtractus
364 1603 412 1658 est
428 1615 494 1660 cum
512 1594 579 1658 aliis
595 1595 673 1658 iufra
691 1595 729 1658 de
746 1595 880 1678 scriptis.
908 1595 979 1659 Otto
994 1596 1034 1659 de
1049 1595 1161 1660 steine.
1181 1595 1283 1661 Wicb·

6 1739 8 1770 .
86 1728 160 1770 man
174 1708 216 1772 ue
231 1705 425 1788 aaosooorf.
455 1680 524 1768 izo
544 1705 646 1792 noyer.
671 1704 832 1770 marom.
857 1703 997 1790 eropon.
1021 1704 1173 1768 roomo.
1196 1703 1285 1770 aou-
1387 1749 1391 1770 .

6 1819 7 1822 ’
84 1815 191 1901 probi.
216 1813 392 1900 Eranpreht
407 1812 643 1878 chremismses.

592 1960 785 2031 ccuuvul.

173 2104 210 2168 ln
230 2103 299 2186 ipso
321 2120 398 2164 anno
420 2100 612 2166 Adoldcrtue
635 2101 675 2165 dc
698 2102 808 2166 werdo
830 2103 939 2183 rogatu
954 2101 1135 2166 Hadomari
1157 2101 1286 2189 copooti

6 2249 8 2274 ι
87 2211 143 2276 aui.
160 2209 290 2274 tradidit
307 2209 344 2272 ad
361 2207 456 2272 altare
473 2209 505 2272 S.
525 2208 620 2272 hiarie
636 2209 773 2293 predium
796 2209 832 2272 ad
855 2231 947 2274 muro
970 2210 1070 2273 situm.
1087 2228 1123 2273 ea
1141 2211 1284 2273 uidelicet

6 2297 8 2308 ³
89 2318 262 2384 conditione
290 2322 323 2382 ut
344 2319 371 2380 si
392 2317 471 2382 idem
494 2318 700 2383 Hadumaru'c
727 2315 836 2381 obierit
862 2315 977 2402 absque
1004 2317 1119 2381 herede
1145 2317 1284 2400 predium

6 2423 8 2508 ἒ
90 2427 174 2490 cedat
198 2426 353 2490 fratribus.
377 2425 426 2490 hic
448 2425 505 2488 deo
528 2425 742 2489 seruientibus.
767 2425 856 2488 ethii
873 2430 1032 2509 presentes
1050 2423 1285 2490 adtrahebantur

6 2511 8 2544 ι
89 2540 190 2599 testes.
221 2536 335 2600 Emist
360 2535 401 2598 de
431 2535 584 2598 Trcisma.
618 2535 762 2600 Cbuorat
792 2535 847 2599 de·
862 2535 1013 2599 Wimnilo.
1044 2533 1216 2599 Fridcricb
1244 2534 1284 2598 dc

90 2645 202 2709 werde.
225 2644 395 2709 Hodomur
410 2643 495 2708 cuius
513 2648 544 2707 et
556 2643 704 2728 predium.
724 2642 898 2708 Wcriober.
915 2642 1043 2730 Raffolt.
1062 2641 1253 2708 Gotr'scalcb.

602 2791 767 2864 CCCLlX.

177 2934 264 2996 Anno
293 2931 330 2996 ab
352 2931 562 3000 incarnatione
589 2930 701 2995 domini
731 2931 771 2995 Μ.
786 2930 820 2995 C.
836 2930 924 2996 XXX.
939 2930 989 2994 111.
1018 2930 1189 2995 indiccione
1220 2928 1282 2994 XV.

95 3040 254 3106 Hoboldus
269 3041 398 3128 quidum
412 3041 454 3105 de
468 3040 729 3105 miniaterrblibos
741 3039 915 3105 Liutloorde
929 3041 1131 3106 aduocatiose
1145 3040 1286 3127 ratispo-

92 3149 204 3214 oeneis.
222 3147 378 3231 delegauit
394 3149 531 3232 predium
548 3169 634 3211 suum
650 3148 793 3214 Aderloh
808 3149 898 3212 situm
916 3169 1009 3231 super
1032 3150 1126 3212 altare
1138 3148 1171 3212 S.
1190 3149 1285 3212 biarie

92 3256 118 3318 iu
133 3260 286 3342 proprium
302 3258 349 3319 ius
368 3256 424 3321 deo
441 3257 491 3319 hic
507 3256 726 3320 famulantibus.
744 3263 775 3320 et
789 3277 878 3321 unum
902 3257 1093 3340 mancipium.
1110 3257 1146 3320 N.
1165 3256 1282 3341 chpe.

92 3363 179 3428 Huius
204 3367 250 3429 rei
272 3371 369 3429 testes
392 3358 519 3429 adhibiti
541 3371 619 3428 sunt.
637 3363 828 3432 Hcido'nrc‘cb
840 3367 927 3452 filius
942 3367 1131 3432 Hcs‘olearici
1144 3367 1186 3431 de
1201 3388 1282 3430 asoa.

6 3475 7 3488 .
93 3472 294 3539 Marcoman.
317 3474 501 3562 Dietproot.
527 3473 707 3538 inuestiture
722 3475 923 3540 Heidinrich.
939 3474 1146 3540 Marchwart.

610 3624 760 3696 CCCLX.

170 3750 291 3826 ‘Eodem
308 3783 384 3837 annu
397 3763 515 3846 quidam
528 3763 679 3851 Sipiboto.
696 3763 732 3826 N.
746 3765 785 3829 de
795 3763 976 3828 Poroboim.
990 3785 1057 3827 cum
1069 3782 1157 3826 manu
1168 3763 1284 3828 umoris

92 3891 142 3935 sue
156 3872 340 3936 Liotlcorde.
363 3871 487 3935 tradidit
507 3873 625 3934 uincam
650 3891 717 3936 cum
739 3873 883 3955 pomario.
901 3877 997 3936 ortum
1014 3873 1102 3936 simul
1118 3875 1149 3935 et
1164 3869 1283 3936 benefi-

45 3977 46 3980 ’
82 3962 173 4042 cium.
191 3982 237 4045 ud
251 3980 406 4066 ertporcb
421 3981 521 4044 situm.
540 4000 632 4064 super
656 3979 751 4044 altare
774 3980 806 4043 S.
825 3980 930 4044 Maris.
947 4001 1003 4066 pro
1027 3980 1161 4044 remedio
1186 3980 1283 4042 anime

93 4108 140 4151 suc
161 4095 192 4152 et
215 4089 346 4151 omnium
374 4092 531 4171 pareutum
560 4108 679 4151 suorum
708 4087 755 4150 his
782 4089 910 4153 testibus
938 4089 1091 4153 adhibitis.
1114 4090 1281 4155 Hortante.

92 4198 233 4262 Robwio.
256 4200 376 4263 Panno.
400 4199 538 4286 Liupolt.
561 4196 736 4283 Eopiibert.
761 4200 892 4263 Bortolt.
923 4197 1114 4284 chprcbt.

603 4329 768 4400 CCCth.

173 4449 284 4514 Notum
306 4449 345 4512 sit
367 4451 484 4512 cunctis
506 4449 638 4512 ecclesie
660 4448 730 4512 filiis
756 4447 885 4534 qualiter
907 4449 1052 4514 dominos
1076 4449 1281 4516 Cbodalboch

93 4559 180 4624 obbae
195 4559 324 4622 fratrum
340 4555 467 4620 consilio
491 4558 597 4621 emerit
613 4556 762 4642 quoddam
784 4557 921 4642 predium
944 4557 982 4622 ad
994 4559 1175 4646 penniopio
1191 4559 1281 4623 situm
