3076 5094
295 385 370 457 254

292 583 419 645 corpore
432 567 462 626 et
481 564 625 645 sauguine
638 561 748 628 Christi
760 585 794 628 se
810 564 886 628 sciat
898 569 1088 646 segregatum
1102 558 1334 625 acenathematis
1347 555 1459 619 uinculo

290 673 503 756 perpetualiter
524 670 694 752 obligatum.

729 781 802 839 [noco
819 778 894 841 sigini
904 778 1027 838 impressi]

362 877 415 930 Das
429 875 516 948 Siegsl
535 877 569 931 ist
581 896 646 948 ganz
660 880 818 950 abgelallen‚
838 879 900 934 aber
918 879 960 932 die
973 878 1042 948 Spur
1061 877 1198 932 desselben
1219 878 1265 932 auf
1279 873 1328 928 der
1347 869 1461 925 Urlrunde

293 967 408 1021 deutlich
422 968 545 1022 sichtbur.

365 1059 390 1121 l,
408 1059 434 1122 2,
454 1058 485 1130 3)
505 1059 563 1130 vgl.
576 1059 617 1114 die
631 1059 767 1113 Tradition
779 1059 825 1113 Nr.
839 1057 947 1114 ccclx
960 1058 993 1113 im
1007 1057 1158 1112 Saalbuche.

849 1285 900 1354 lll.

294 1420 371 1475 1096.
386 1451 418 1459 -
437 1419 546 1473 Biscbol
564 1419 652 1474 Ulrich
664 1419 681 1472 l.
704 1439 751 1474 von
768 1422 863 1477 Passau
882 1422 1059 1486 beurlrundet‚
1078 1421 1138 1476 dass
1156 1437 1185 1474 er
1201 1421 1246 1474 aul
1257 1421 1407 1489 Verlangen
1422 1420 1463 1474 der

292 1511 492 1564 Klosterbriuder
505 1509 530 1562 in
544 1509 675 1580 thtweig
689 1511 739 1564 den
753 1530 800 1566 von
813 1513 910 1566 seinem
923 1512 1063 1567 Vorlabrer
1081 1512 1188 1566 Bischoi
1198 1512 1321 1564 Altmanu
1342 1529 1374 1564 zu
1386 1512 1463 1564 Ehren

294 1601 340 1654 der
361 1601 420 1654 bell.
438 1601 562 1672 Junglrau
579 1602 659 1655 lllaria
678 1603 823 1673 geweihten
837 1603 910 1656 Altar
928 1620 959 1655 en
977 1603 1051 1656 einen
1069 1603 1245 1674 passenderen
1264 1603 1340 1656 Platz
1357 1605 1466 1670 uersetat

294 1691 347 1746 und
365 1710 397 1746 an
415 1691 564 1746 demselben
584 1692 669 1762 Tage,
693 1693 742 1746 wie
763 1694 852 1747 triber
875 1693 912 1762 (9.
934 1694 1040 1764 Sept),
1064 1711 1113 1748 von
1135 1695 1232 1748 Nouem
1254 1693 1374 1764 geweibt
1395 1693 1465 1745 bubo.

294 1782 418 1864 duglsicb
436 1783 580 1852 bestttiget
598 1800 627 1836 er
644 1785 694 1837 alle
707 1783 879 1854 Besitzungen
899 1784 946 1838 des
960 1784 1054 1837 Sliltes
1072 1784 1098 1836 in
1111 1783 1270 1854 Gegenwart
1290 1782 1340 1837 des
1353 1783 1465 1838 Scbirm·

600 1877 692 1944 uogtes
705 1875 807 1936 Ulricb‚
826 1875 923 1928 Graien
937 1893 985 1929 von
997 1875 1165 1946 Ratelnberg.

812 1965 945 2027 [origum]

382 2067 489 2132 Notum
511 2068 550 2131 sit
572 2066 705 2132 omnibus
727 2072 830 2132 sancte
851 2068 952 2130 matris
969 2067 1099 2130 ecclesie
1115 2066 1185 2131 liliis
1200 2073 1259 2132 tam
1275 2067 1466 2152 presentibus
1515 2147 1516 2154 ἵ

294 2196 381 2262 quam
410 2180 478 2260 post
506 2175 628 2248 futuris,
660 2175 787 2260 qualiter
816 2197 873 2259 ego
906 2153 1074 2244 &delricus
1096 2175 1145 2240 dei
1167 2177 1264 2257 gratia
1286 2178 1467 2259 patnuiensis

293 2285 424 2352 ecclesie
447 2285 607 2368 episcopus
632 2286 725 2350 altare
747 2306 763 2348 a
785 2286 949 2350 uenerabili
975 2287 1193 2370 predecessore
1213 2305 1279 2349 meo
1302 2287 1467 2352 Alboonno

294 2397 437 2480 episcopo
457 2397 488 2458 in
517 2397 631 2460 honore
653 2402 756 2460 sancte
789 2402 820 2460 et
842 2401 987 2480 perpetue
1022 2395 1148 2476 uirginis
1173 2393 1267 2457 Marie
1299 2393 1466 2459 dedicatum

293 2509 400 2587 rogatu
440 2505 562 2568 fratrum
593 2505 678 2569 istius
711 2505 829 2571 cenobii
858 2503 1077 2587 Kothwigensis
1107 2502 1241 2584 confregi
1266 2508 1297 2566 et
1329 2505 1362 2566 in
1395 2504 1467 2574 loco,

296 2634 352 2698 quo
379 2611 440 2677 illis
462 2615 679 2696 competentius
702 2614 795 2677 uisum
818 2618 865 2677 est
886 2613 1095 2696 transpositum
1117 2631 1191 2674 anno
1214 2611 1250 2675 ab
1266 2612 1470 2676 incarnatione

296 2722 405 2786 domini
421 2719 502 2784 lllill⁰.
520 2721 591 2785 XC⁰.
609 2723 668 2787 Vl⁰.
686 2723 789 2786 eodem
816 2723 863 2786 die
894 2741 951 2806 quo
985 2721 1112 2806 etprius
1143 2722 1239 2784 fuerat
1262 2727 1470 2785 consecratum

296 2831 443 2894 dedicaui.
472 2829 533 2894 Sed
556 2836 586 2894 et
609 2831 702 2894 omnia
726 2852 783 2918 que
798 2831 893 2894 isdem
916 2829 994 2894 bone
1014 2830 1156 2893 memorie
1170 2829 1377 2912 predecessor
1392 2849 1470 2892 meus
1525 2820 1526 2823 '

297 2961 333 3004 ex
358 2939 504 3004 reditibus
533 2941 595 3004 suis
622 2941 651 3003 in
678 2941 802 3026 prediis,
830 2939 995 3009 beneficiis.
1024 2937 1281 3010 decimationibus
1315 2943 1347 3002 et
1379 2939 1470 3002 uineis

296 3050 334 3113 ad
349 3049 428 3112 idem
450 3047 541 3112 altare
556 3048 721 3114 tradiderat
736 3049 789 3112 sub
806 3049 957 3131 presentia
974 3048 1109 3112 aduocati
1124 3048 1218 3130 ipsius
1234 3047 1294 3111 loci
1318 3024 1408 3113 (idat

297 3163 327 3222 et
342 3162 412 3221 tunc
425 3157 569 3220 adstantis
586 3157 716 3222 ecclesie
733 3159 912 3229 testimonio,
932 3157 1092 3240 episcopali
1107 3156 1204 3220 banno
1218 3161 1248 3219 et
1265 3155 1472 3224 ecclesiastica

296 3267 473 3331 auctoritate
489 3265 671 3340 confirmaui,
687 3267 828 3331 fratribus
850 3267 881 3328 in
897 3265 1036 3331 hocloco
1053 3266 1102 3330 dei
1116 3265 1255 3349 genitrici
1270 3264 1472 3328 seruientibus

296 3377 326 3439 iu
353 3397 447 3439 usum.
477 3373 538 3438 Hec
570 3380 639 3438 sunt
665 3395 738 3458 ergo
768 3375 884 3458 predia,
915 3395 972 3460 que
987 3375 1086 3439 felicis
1116 3374 1257 3438 memorie
1285 3373 1473 3440 Almanam

296 3485 479 3568 paleuiensis
504 3483 664 3568 epiecopus
686 3504 776 3567 super
801 3483 894 3548 altare
918 3484 949 3548 S.
979 3483 1073 3548 blarie
1099 3483 1238 3556 tradidit,
1273 3502 1333 3566 que
1360 3487 1392 3546 et
1419 3500 1472 3562 ego

299 3570 467 3660 diolcon
489 3590 537 3654 dei
565 3593 658 3675 gratia
686 3593 819 3656 eiusdem
841 3593 922 3657 sedis
950 3593 1086 3657 minister
1111 3592 1263 3673 indignus,
1291 3592 1331 3656 ob
1356 3609 1472 3655 merce-

298 3703 365 3766 dem
382 3705 485 3766 eterue
500 3701 562 3764 uite
579 3703 721 3765 canonica
738 3703 912 3766 auctoritate
929 3707 960 3766 et
976 3701 1065 3786 sigilli
1080 3703 1138 3765 mei
1149 3701 1340 3784 inpressione
1357 3703 1389 3765 in
1406 3719 1473 3784 per·

297 3818 417 3896 potuum
440 3809 581 3874 stabiliui.
620 3810 812 3874 Parrocbiam
838 3811 1026 3882 Mottorira„
1048 3830 1114 3874 eum
1137 3807 1251 3892 capella
1285 3813 1318 3874 et
1345 3809 1418 3874 dote
1447 3813 1475 3871 et

299 3941 365 3985 cum
379 3919 513 3983 omuibus
527 3920 711 4002 appendiciis
723 3921 795 3994 suis,
813 3925 936 4004 excepto
952 3925 1038 4003 parte
1063 3917 1270 3983 decimationis
1295 3937 1356 4002 quie
1383 3917 1474 4001 perti·

299 4030 402 4092 netad
433 4049 457 4091 s.
481 4029 654 4094 Nicolaum.
679 4027 872 4092 Parrocbiam
895 4027 1054 4094 Moliboelo
1085 4048 1151 4092 cum
1182 4025 1373 4110 appendiciis
1405 4026 1473 4090 suis.

298 4137 486 4201 Parrocbiam
514 4137 676 4202 Pirobolrc
704 4157 769 4202 oum
794 4137 976 4220 appendiciis
1004 4138 1076 4201 suis.
1120 4135 1311 4198 Parrocbiam
1345 4135 1473 4201 comino

299 4267 357 4332 que
373 4249 420 4310 est
435 4251 607 4310 constructa
622 4247 651 4308 in
668 4266 770 4308 manso
787 4265 872 4330 quem
889 4245 1021 4314 Ricbiao
1037 4244 1130 4322 dedit,
1146 4245 1182 4307 ad
1198 4263 1284 4328 quam
1301 4244 1476 4308 decimatio·

299 4375 366 4420 nem
387 4355 557 4418 terminauit
578 4355 755 4419 Houo'otetin
779 4359 809 4418 et
831 4355 998 4420 Macoraba.
1023 4354 1065 4416 Ad
1087 4353 1241 4420 Muttorio
1264 4353 1426 4419 Axilinum
1449 4357 1477 4416 el

297 4464 386 4526 alium
402 4463 567 4528 acilinum.
588 4465 808 4528 Gcmmoudom
824 4485 889 4528 cunr
905 4463 1058 4527 beneficiis
1075 4465 1147 4526 suis.
1163 4460 1276 4525 Ibidem
1296 4461 1476 4527 beneficium

300 4572 442 4636 Eleleire'oi
465 4592 529 4634 cum
553 4573 707 4654 mancipiis
725 4579 755 4636 et
777 4572 911 4636 omnibus
928 4570 1110 4655 appendiciis
1126 4570 1188 4633 suis
1205 4575 1332 4653 excepto
1355 4570 1476 4636 dimidio
