3122 5096
1203 407 1247 478 11

56 566 248 664 Diethpreltt.
281 585 391 649 lrlnch.
424 585 574 648 Zeizman.
607 583 772 646 Gebehaut.
809 581 971 646 Hartwich.
1007 582 1110 645 Rilint.
1144 573 1249 645 Sizila.

56 691 223 756 lamburcb.
265 693 381 756 Pazala.
422 693 510 757 Hilta.
552 687 712 757 Suanihilt.
753 692 881 756 Guanni.
913 689 1019 755 Heilla
1050 712 1104 775 pru
1136 690 1250 755 tributu

60 799 93 862 V.
110 800 312 864 denariorum.

463 939 505 976 ἰ
596 923 706 994 XXVI.

145 1059 292 1124 Nuuecint
328 1063 460 1126 uniuersi
494 1063 624 1126 ecclesie
658 1061 713 1125 dlii
740 1061 867 1146 qualiter
898 1060 1018 1144 quidam
1045 1059 1159 1124 nubilis
1186 1060 1248 1124 uir.

59 1165 95 1230 N.
117 1157 286 1234 Ebcrburt
306 1171 361 1256 qui
382 1171 544 1235 nobiscum
565 1177 681 1258 postea
704 1171 738 1234 iu
759 1176 871 1234 cuncta
895 1169 1137 1233 conuersatione
1156 1169 1252 1232 uicit.

58 1280 87 1338 et
98 1279 207 1360 frater
228 1280 296 1342 cius
317 1279 474 1344 Adulbcro
489 1277 675 1360 legauerunt
702 1280 732 1340 in
762 1296 878 1340 manum
901 1277 1037 1358 episcopi
1063 1275 1158 1338 nostri
1182 1275 1224 1340 Al
1238 1313 1252 1324 ·

57 1385 166 1448 manni
187 1391 219 1447 st
240 1387 391 1451 aduocati
412 1363 558 1452 ddulriei
585 1385 785 1467 delegandum
808 1405 901 1468 super
924 1385 1018 1446 altare
1043 1383 1075 1446 S.
1097 1383 1192 1446 lllsrie
1216 1381 1252 1444 ad

56 1489 316 1580 Apulstrcifiapin
344 1493 444 1556 uillam
474 1515 571 1556 unam.
600 1499 631 1556 et
654 1493 691 1556 ad
718 1493 862 1578 Meletrys
887 1492 1066 1556 dominicale
1090 1511 1189 1554 uuum.
1222 1495 1253 1552 ct
1326 1489 1330 1502 ’

57 1600 174 1663 uincam
203 1621 301 1664 uuam.
337 1621 404 1664 eum
435 1601 572 1665 omuibus
604 1603 805 1686 appendiciis.
844 1606 874 1664 et
905 1601 1071 1686 pomarium
1102 1619 1190 1661 uuum
1223 1603 1254 1661 et

57 1709 214 1792 mancipia.
255 1709 288 1772 V.
329 1709 503 1773 Suarzman.
532 1710 699 1792 ludwici.
740 1709 891 1772 Christum.
931 1708 1082 1788 Herimau.
1122 1706 1253 1790 Hazaho.

61 1815 204 1879 adhibitis
238 1837 305 1879 mox
336 1817 465 1880 testibus
502 1839 627 1902 quorum
661 1821 719 1881 ista
750 1826 818 1880 suut
847 1819 974 1893 numina.
1007 1817 1105 1880 Euae.
1136 1815 1255 1901 Repa'u-

56 1922 138 1987 burt.
177 1922 360 1988 Herimun.
390 1901 554 1991 ddulricb.
601 1927 778 2014 Enpilrum.
818 1917 937 1990 Sncllo.
984 1923 1127 2010 Tupinic.
1174 1901 1252 2008 0⁰90.

59 2033 221 2115 Wolsram.
485 2121 488 2125 Ι

593 2175 716 2246 XXVII.

142 2312 210 2376 Nee
227 2334 286 2376 uun
302 2318 333 2376 et
348 2313 422 2378 illud
439 2317 581 2384 memorie
599 2314 875 2397 commendandum.
894 2314 974 2398 quud
991 2312 1110 2396 quidam
1128 2312 1249 2374 iuuenis

57 2421 158 2484 diuino
181 2441 284 2484 amore
309 2427 505 2503 conpunctus.
523 2424 559 2486 N.
576 2423 735 2510 Adutbcru
760 2421 957 2484 substantiam
975 2441 1057 2483 suam
1075 2439 1110 2482 ex
1127 2423 1253 2502 paterno

57 2514 205 2594 sibi'iure
227 2531 375 2594 collatam.
394 2531 508 2613 legauit
532 2553 626 2616 super
651 2533 745 2596 altare
762 2531 793 2595 S.
812 2531 917 2593 llarie.
935 2551 1030 2617 acque
1046 2529 1155 2616 'ipsum
1172 2549 1253 2614 pro-

53 2641 193 2722 fessione
207 2640 254 2704 iba·
268 2640 433 2706 stabiliuit.
453 2639 594 2704 adhibitis
611 2639 739 2704 testibus
756 2639 974 2723 superioribus.

588 2825 729 2898 Xlllllll.

144 2963 256 3028 Notum
285 2965 325 3026 sit
352 2963 469 3027 eunctis
493 2965 625 3028 ecclesie
648 2965 729 3027 filiis.
756 2964 883 3046 qualiter
906 2963 1041 3047 quedam.
1065 2961 1101 3024 N.
1119 2961 1254 3026 llicbicu

59 3069 212 3154 delegauit
236 3092 328 3156 super
352 3072 446 3135 altare
470 3073 502 3136 S.
529 3073 625 3136 Maria
652 3073 790 3158 predium
817 3073 901 3136 suum
925 3071 962 3134 ad
988 3070 1194 3156 Pcumpurtia
1216 3090 1253 3132 ea
1344 3069 1345 3074 ’

58 3181 231 3244 conditione
246 3185 288 3266 ut·
296 3181 436 3266 quamdiu
452 3183 517 3266 ipsa
535 3171 663 3245 uiueret.
681 3167 913 3264 usum'prbpriis
931 3179 1070 3262 expensis
1089 3178 1224 3240 haberat.

501 3340 503 3344 ’
607 3367 718 3437 xxix.
850 3382 851 3386 Ν

147 3505 298 3569 Noueriut
314 3505 414 3569 cuncti
431 3510 535 3570 sancte
553 3507 685 3570 ecclesie
702 3503 763 3568 filii.
782 3505 910 3588 qualiter
925 3504 1054 3588 quidam.
1072 3502 1108 3565 N.
1128 3504 1257 3568 Guzaca‘n

61 3613 214 3696 delegauit
238 3634 329 3698 super
352 3614 446 3677 altare
463 3615 495 3677 S.
513 3613 609 3679 Macte
625 3615 762 3700 predium
780 3633 863 3678 suum
879 3614 915 3676 ad
939 3613 1146 3699 Pcumpurtin
1168 3609 1256 3674 uide-

61 3720 131 3785 licet
147 3721 266 3786 cuatale
280 3743 371 3786 unum
388 3743 455 3788 cum
471 3723 568 3787 tribus
586 3723 740 3805 iugeribus
758 3741 814 3804 peu
829 3741 946 3784 manum
963 3721 1118 3784 cuiusdam
1139 3720 1254 3784 nubilis

59 3831 124 3894 uiau‘
137 3831 174 3894 N.
189 3832 298 3918 Epist.
316 3833 347 3894 et
362 3833 520 3914 mancipia.
535 3832 595 3894 llll.
610 3849 734 3916 querum
752 3835 821 3894 suut
837 3831 964 3892 nomina.
984 3828 1138 3892 Pretinch.
1152 3827 1253 3890 Abala.

61 3940 158 4004 lmiza.
183 3941 278 4003 [liuza
294 3946 325 4003 et
341 3945 434 4004 testes
452 3941 494 4002 hii
514 3948 582 4004 suut
603 3939 739 4004 adhibiti.
762 3938 971 4027 Repiuprcbt.
989 3935 1128 4026 sigifrit.
1145 3936 1254 4024 lupini.

63 4049 197 4114 dicim·
207 4049 351 4114 Tubilun.
366 4049 558 4138 Mcpinburt.
577 4045 671 4114 Pdco.
688 4049 826 4136 Liupult.
843 4047 972 4112 Salcbo.

614 4235 707 4306 XXX.

151 4346 301 4436 uoluat
318 4395 420 4438 omnus
439 4375 553 4438 cli-au
569 4373 774 4460 fidelesque
790 4373 919 4456 quidam.
937 4345 981 4433 u
994 4371 1123 4436 uomitu
1136 4370 1259 4434 esaum

64 4499 154 4564 super
183 4482 280 4544 altare
307 4483 340 4546 S.
368 4483 463 4546 Marie
502 4483 617 4548 curtalo
638 4501 737 4544 uuum
767 4499 834 4544 eum
859 4479 956 4544 tribus
989 4479 1145 4562 iugeribus
1179 4478 1258 4561 apud

66 4587 218 4673 laindcrf.
