3074 5094
1188 377 1265 450 aas
1326 335 1328 339 ’

68 555 210 640 poardus
231 555 342 618 fratres
361 555 398 618 de
418 556 636 621 ll'ilrlcnatoivv.
665 553 888 630 Wcrnbardus,
912 554 1068 630 Ditrc‘cue,
1098 554 1267 640 Wulfinpua
1334 573 1336 576 ·

70 646 184 725 fratres
203 661 241 726 de
257 663 417 727 Hcvelein.
437 662 625 728 Charmadas
637 662 820 750 Hcrnpeclo.
842 662 966 727 Vlrlcoe
979 660 1017 724 de
1033 663 1142 726 Fccrt.
1161 661 1266 726 Cbcn-

68 771 169 834 rodere
185 769 309 834 ibidem.
344 771 576 836 Cbolomunnas
601 775 632 834 et
647 771 796 836 Andreae
818 771 929 833 fratres
947 768 1038 832 Ciues
1057 770 1095 833 de
1112 769 1216 840 Staio,
1236 773 1267 830 et

67 877 117 939 alii
141 897 233 962 quam
259 878 373 960 plures.
409 880 517 942 Datum
542 879 682 954 libertae,
710 898 786 941 anno
811 877 922 941 domini
947 876 1055 942 neec?
1072 874 1265 958 nonagesimo

67 987 178 1070 tercio.
203 985 235 1048 ln
254 985 363 1068 Vigilia
379 987 598 1070 assumptionis
611 986 699 1049 beate
717 985 861 1068 Virginis.
923 993 929 1004 '

139 1090 272 1155 Scbdnes,
293 1093 487 1161 mittelgrosses
504 1091 595 1161 Siegel
615 1091 663 1146 mit
678 1093 761 1146 einem
776 1094 843 1146 oben
856 1091 973 1145 vierlacb
987 1091 1040 1144 und
1052 1093 1134 1144 unten
1147 1089 1266 1142 dreilacb

65 1183 215 1251 gezaelrten
226 1183 328 1236 breiten
343 1183 460 1254 Sparrcn
479 1183 513 1235 im
527 1182 697 1254 dreieckigen
711 1183 802 1236 Felde.
826 1183 874 1236 Die
887 1181 1049 1236 Umschrit'tz
1067 1179 1261 1250 walanam·

65 1271 384 1327 olo-vonrluasron.
395 1311 403 1327 .
414 1313 421 1328 .

142 1413 174 1486 1)
193 1416 373 1470 Wiesendu
383 1417 415 1470 rs
422 1456 430 1480 ,
448 1416 475 1470 in
489 1415 538 1470 der
549 1417 590 1470 rf.
604 1415 911 1471 Graes-Weiclrersdorl.
924 1415 956 1470 U.
969 1415 1003 1469 bl.
1016 1415 1046 1469 Β.

601 1641 725 1713 LXXV.

63 1793 143 1852 leot.
167 1777 459 1867 anticimenon.
486 1825 523 1836 -
541 1795 687 1859 Reinbard,
707 1795 827 1850 Decbaat
847 1811 899 1849 von
920 1795 999 1857 Kr'rlb,
1021 1791 1186 1848 verscbreibt
1204 1793 1264 1845 dem

60 1885 172 1938 Kloster
185 1885 262 1937 einen
275 1885 449 1953 weingarten
470 1885 495 1938 in
512 1886 768 1956 Gumpoldskirchen
790 1885 844 1938 uad
867 1886 884 1940 9
898 1883 1044 1953 Sebilliuge
1059 1883 1264 1937 Geldeinlu'luste

59 1993 110 2027 von
126 1974 345 2044 Gottbalmberg‚
364 1975 444 2028 deren
457 1975 547 2044 Rczug
561 1991 590 2029 er
602 1975 659 2028 sich
674 1977 722 2028 aut'
732 1974 891 2028 Lebenszeit
905 1975 1050 2028 vorbehlilt.
1077 1973 1151 2026 Nacb
1165 1972 1263 2026 seincm

59 2064 276 2118 Dabinscbeiden
290 2065 339 2118 soll
353 2064 401 2118 der
411 2064 583 2134 weingarten
603 2082 660 2118 aum
680 2063 852 2126 Siecbbause‚
872 2064 919 2119 das
939 2062 1155 2133 Geldertragniss
1175 2063 1200 2115 in
1221 2062 1263 2115 die

58 2154 139 2207 Oblai
157 2155 204 2208 des
217 2154 338 2209 Klosters
353 2153 470 2223 gebbren
483 2155 537 2208 und
551 2153 627 2208 dailir
636 2153 750 2224 jabrlich
772 2171 805 2207 au
827 2155 926 2208 seinem
941 2155 1099 2222 Stcrbetage
1118 2151 1159 2206 ein
1180 2151 1262 2205 leier-

58 2245 148 2298 licbes
171 2235 331 2298 Todtenamt
350 2245 472 2315 gehalten
495 2245 550 2298 und
570 2245 638 2298 allen
659 2245 907 2314 Stittsmitgliedern
926 2245 968 2298 ein
987 2243 1127 2297 llrobmahl
1147 2242 1261 2296 bereitet

606 2335 722 2388 werden.

464 2453 532 2513 [flod.
551 2454 740 2512 Privilcgiorum.
751 2456 801 2500 Fol.
813 2455 863 2512 tt]

157 2607 232 2689 Quia
250 2629 299 2672 res
322 2613 412 2691 geste
429 2608 596 2672 diffidentie
613 2610 779 2694 periculum
798 2613 829 2672 et
845 2608 1004 2672 oblivionis
1022 2608 1178 2692 dispendia
1197 2609 1261 2672 lre-

57 2721 203 2802 quenter'
221 2718 377 2781 incurrere
398 2721 631 2791 consueverunt,
663 2718 729 2800 Ego
750 2717 936 2782 Rinbardos
945 2713 972 2803 ¹)
992 2716 1042 2778 dei
1066 2717 1259 2780 miseratione

57 2825 197 2889 decanus
210 2827 239 2889 iu
249 2827 387 2891 Obuleud
400 2847 455 2912 per
467 2828 652 2910 presentium
668 2811 880 2890 continentiam
893 2826 1050 2890 declarare
1064 2825 1216 2889 modernis
1230 2834 1260 2888 et

59 2935 176 2998 noticie
194 2934 261 2998 duri
284 2937 489 2999 transmittere
513 2936 690 3008 futurorum,
715 2936 794 3020 quod
812 2954 877 3000 cum
895 2934 991 2998 moab
1010 2933 1139 2998 ecclesia
1153 2931 1259 2997 caort-

57 3042 189 3106 wicensi
204 3041 362 3106 multarum
374 3045 538 3124 gratiarum
552 3042 699 3122 beneficia
716 3043 902 3106 meminerim
919 3043 1116 3126 percepisse,
1134 3043 1259 3125 cupiens

56 3151 170 3214 eadem
186 3151 306 3214 sincere
324 3150 489 3214 devotionis
507 3152 620 3215 affectu
645 3171 870 3234 recognoscere
895 3156 926 3214 et
954 3150 1052 3214 anime
1075 3169 1141 3212 mee
1158 3169 1260 3212 reme-

58 3259 146 3322 dium
162 3259 370 3322 nichilominus
392 3260 495 3322 facere
512 3251 739 3342 sempiternum,
761 3261 878 3322 vineam
895 3278 989 3322 meam
1013 3259 1099 3321 silam
1116 3259 1144 3320 in
1165 3259 1258 3322 Gum-

56 3367 303 3455 poltecbo'relren
320 3367 428 3431 dictam
440 3368 682 3432 Glcizcnvclder
695 3365 723 3454 ²)
741 3371 772 3430 et
790 3388 895 3431 novem
909 3366 1022 3431 solidos
1040 3357 1211 3430 reddituum
1228 3367 1258 3428 in

59 3471 347 3564 Gotlrclmapcrffl)
365 3477 522 3560 emptionis
538 3475 625 3540 titulo
644 3475 680 3538 ad
698 3497 744 3537 ma
762 3475 943 3558 pertinentia
954 3473 1119 3538 Conventui
1136 3476 1258 3537 fratrum

54 3584 91 3645 in
110 3591 273 3646 memorata
292 3583 497 3648 Chotwicensi
517 3583 655 3648 Ecclesia
681 3584 746 3646 Deo
769 3583 957 3646 militantium
976 3581 1085 3646 donavi
1101 3586 1131 3644 et
1147 3581 1257 3644 tradidi

56 3690 153 3773 pleno
168 3690 244 3762 iure,
261 3691 303 3754 ita
318 3695 429 3767 tamen,
445 3697 478 3754 ut
495 3691 644 3755 fructibus
661 3692 726 3754 sive
743 3691 938 3774 proventibus
955 3691 1182 3776 quibuscunque
1198 3695 1257 3754 tam

57 3799 213 3862 dictorum
229 3778 399 3862 reddituum
416 3819 502 3884 quam
519 3799 605 3863 vinee
622 3803 779 3882 prenotate
803 3799 877 3861 mihi
896 3799 1038 3863 duntaxat
1053 3799 1090 3862 ad
1114 3798 1181 3862 dies
1198 3801 1258 3862 vite

58 3926 131 3968 mee
152 3906 345 3988 integraliter
375 3908 548 3979 reservatis,
580 3907 648 3990 ipsa
676 3907 763 3970 vinea
784 3906 929 3988 deinceps
943 3907 980 3970 ad
996 3907 1186 3969 infirmariam
1204 3925 1257 3988 pro

60 4013 269 4078 consolatione
285 4015 512 4086 infirmantium,
530 4019 559 4078 et
576 4015 647 4078 dicti
664 4014 801 4078 redditus
818 4014 855 4077 ad
872 4013 1018 4096 oblagiam
1037 4019 1183 4097 perpetuo
1202 4013 1258 4077 de-

60 4115 155 4186 beant
170 4121 341 4206 pertinere;
362 4127 394 4186 ut
418 4121 487 4186 dum
504 4123 589 4185 anuis
612 4122 740 4205 singulis
764 4123 986 4187 anniversarius
1004 4103 1174 4186 obitusmei
1192 4121 1258 4186 dies

59 4230 209 4302 evenerit,
219 4250 286 4294 cum
296 4229 471 4312 Vigiliarum
481 4239 512 4294 et
525 4231 685 4294 Missurum
701 4229 875 4314 solempniis
888 4231 946 4294 mei
960 4231 1102 4295 memoria
1111 4229 1259 4313 exequiali

58 4337 163 4403 olticio
176 4343 355 4420 peragatur,
379 4343 410 4401 et
431 4338 497 4420 ipso
523 4339 572 4402 die
588 4360 644 4422 per
669 4339 767 4403 dictos
789 4339 926 4403 redditus
950 4343 980 4402 et
996 4359 1083 4402 vinam
1106 4339 1257 4402 dimidiam

58 4447 224 4513 Carradam
249 4447 319 4518 viui,
345 4445 520 4526 Oblagiario
546 4445 584 4509 de
612 4447 785 4530 supradicta
807 4447 892 4510 vinea
918 4447 985 4509 sine
1002 4447 1257 4536 labore‘quolibet

57 4555 285 4639 assignandam,
302 4559 362 4618 tam
375 4552 542 4618 Conventui
558 4553 695 4620 Fratrum
712 4575 799 4642 quam
812 4555 1003 4619 Dominarum
1019 4557 1134 4642 totique
1145 4553 1257 4624 familie
