3122 5096
609 667 731 738 CXXII.

160 789 226 854 Sed
252 795 285 854 at
311 791 388 854 aliua
413 791 542 874 quidam.
570 789 606 852 N.
630 791 771 856 anott.
793 791 906 856 soundn-
921 796 952 854 ot
974 789 1046 874 ipae
1069 788 1264 856 renunciant

64 898 195 962 tradidit
218 918 310 982 super
332 897 412 962 idem
441 898 537 962 altare
558 899 706 982 mancipia
728 898 795 962 dun.
824 896 861 960 N.
888 895 1015 962 Garlint.
1044 892 1185 964 Diatmuit.
1209 918 1266 983 pro

62 1005 189 1072 tributo.
215 1007 250 1071 V.
268 1007 468 1072 denaniorum.

599 1119 735 1191 CXXIII.

157 1242 203 1305 Id
218 1241 388 1325 predictum
404 1239 530 1323 tytulum
547 1241 677 1326 qnidam.
702 1240 739 1303 N.
760 1243 917 1308 Eulimna
931 1244 1106 1309 annularem
1122 1242 1263 1308 halitum

60 1352 251 1438 relinquent
259 1349 571 1436 tradiditmannipinm
581 1371 680 1415 unum.
695 1349 886 1414 N.Winiman
894 1353 924 1414 in
932 1353 1086 1437 proprium
1099 1352 1263 1416 seruIaIum

62 1456 174 1520 atalia
194 1457 263 1520 tria.
289 1455 326 1520 N.
351 1457 473 1522 Paulus.
496 1459 595 1522 Imiza.
620 1457 773 1523 Riehkant.
798 1479 854 1543 pro
870 1459 991 1523 tributo.
1019 1458 1054 1523 V.
1072 1459 1261 1524 denariorum

60 1566 120 1630 snb
137 1566 186 1630 his
201 1565 342 1631 testibus.
359 1567 516 1656 Piliprim.
533 1567 711 1656 Mepinpoz.

598 1735 735 1810 CXXIV.

155 1856 283 1938 Quidam
305 1857 404 1920 etiam.
429 1855 465 1919 N.
483 1859 576 1923 Zeizo
594 1858 631 1922 ad
648 1858 774 1922 eundem
792 1859 918 1941 tytulum
940 1858 1064 1924 tradidit
1079 1859 1259 1944 mancipium

60 1983 163 2029 unum.
190 1963 227 2028 N.
245 1965 334 2030 Etich
350 1986 404 2050 prn
421 1964 544 2031 tributo.
563 1965 597 2030 V.
616 1965 818 2031 denariorum.
867 2031 870 2036 Α

603 2123 725 2196 CXXV.

153 2245 217 2310 Sed
234 2249 265 2310 et
282 2222 453 2312 (ldalrinua
468 2245 587 2332 qnidam
605 2247 839 2313 hierosolimam
850 2250 953 2316 itum
970 2269 1062 2336 super
1074 2247 1154 2313 idem
1167 2248 1261 2314 altana

56 2353 198 2418 tradidit.
225 2354 275 2420 VI.
293 2355 441 2438 mancipia
457 2375 513 2438 pru
530 2353 655 2419 tributo.
680 2353 715 2418 V.
734 2356 934 2422 denariorum.

592 2533 729 2604 CXXVI.

149 2654 215 2718 Hoc
237 2674 356 2738 quoque
381 2654 545 2718 notandum
567 2655 646 2739 quud
670 2656 877 2722 Cuntldrdua
887 2657 1049 2744 prenditer
1065 2659 1105 2722 da
1120 2657 1258 2722 Pirielta

53 2765 92 2828 ad
117 2765 250 2828 eundem
274 2763 401 2846 tytulum
425 2763 581 2845 delegauit
602 2763 664 2826 III⁰¹
686 2765 835 2849 mancipia
860 2767 890 2828 in
912 2766 1067 2850 proprium
1094 2766 1259 2830 seruicium

53 2873 205 2936 frati-ihus
222 2871 279 2934 dan
294 2870 345 2936 hin
360 2869 584 2936 famulantibus.
609 2872 702 2938 Huius
718 2873 763 2936 rei
779 2876 877 2936 testas
893 2878 973 2938 sunt.
999 2873 1160 2964 Repinper
1170 2874 1259 2960 filiun

52 2981 244 3069 Rapinpari.
269 2981 452 3048 Hui-twinus
467 2982 507 3046 de
523 2982 662 3048 treisma.
691 2983 884 3070 Mepinltart.

582 3147 735 3220 CXXVII.

150 3271 191 3333 Iit
206 3269 266 3334 hnc
283 3270 442 3334 notandum
459 3270 539 3354 quod
557 3271 685 3354 quedam
703 3317 914 3335 .......
932 3271 1057 3336 tradidil
1073 3291 1166 3356 super
1178 3271 1258 3337 idem

54 3383 155 3444 altare
171 3398 262 3442 unum
279 3379 471 3462 mancipium.
495 3379 532 3441 N.
549 3379 650 3444 Anaia.
667 3399 724 3464 pro
741 3377 864 3444 tributo.
884 3379 920 3444 V.
938 3379 1143 3446 denariorum.

575 3546 741 3618 CXXVIII.

147 3669 296 3734 Necnon
319 3673 350 3732 et
370 3671 429 3734 hon
452 3669 595 3733 memorie
618 3669 817 3736 mandandum
840 3669 920 3755 qnod
943 3669 1072 3756 quidam.
1103 3670 1139 3734 N.
1162 3673 1257 3762 Eppo

53 3778 215 3862 delegauil
230 3780 261 3842 in
277 3797 395 3842 manum
412 3779 530 3863 fratris
545 3779 597 3844 nui
611 3779 753 3844 Herwioi
774 3779 955 3863 mancipium
971 3800 1071 3844 unum.
1102 3780 1137 3843 N.
1156 3779 1258 3844 Hada-

53 3908 183 3952 marum.
209 3907 245 3950 aa
268 3886 441 3976 conditione
463 3892 496 3952 nt
512 3888 593 3954 idem
616 3887 776 3972 delegaret
797 3909 889 3976 super
911 3887 1006 3954 altare
1029 3889 1060 3952 S.
1085 3889 1180 3954 Maria
1202 3910 1258 3974 pro

53 3997 181 4062 tributo.
201 3989 237 4058 V.
251 3994 449 4060 denariorum.
464 3997 542 4081 quod
554 3997 651 4060 isdem
663 3999 848 4063 Herewlnun
860 4001 967 4082 postea
980 3998 1107 4064 deuotus
1119 4001 1258 4086 impleuit

53 4105 111 4170 sub
129 4103 262 4168 testibus
280 4101 339 4167 his.
364 4105 521 4193 Piliprim.
538 4104 714 4194 Meqinpoz.
736 4107 919 4194 Wolfprelt.
938 4109 1057 4174 Gunzo.
1074 4109 1137 4174 Izo.

593 4273 730 4344 CXXIX.

147 4394 259 4458 Notum
277 4393 318 4457 sit
334 4394 471 4463 omnibus
495 4395 575 4479 quod
591 4394 729 4480 quedam.
761 4397 797 4460 N.
821 4399 981 4463 Lantratl
997 4419 1153 4465 annuorum
1174 4401 1259 4466 dedit
1341 4455 1344 4462 ,

54 4523 154 4588 snper
168 4502 250 4566 idum
267 4499 374 4566 altare.
400 4503 481 4566 IIII·¹.
504 4505 663 4588 mancipia.
689 4525 815 4590 qnorum
840 4510 911 4570 aunt
933 4507 1052 4572 nomina
1074 4508 1256 4574 Ranthnieh.

55 4610 236 4676 Rantwinh.
254 4608 361 4674 GisiIa.
385 4610 488 4676 Anaia.
513 4615 543 4676 in
566 4614 721 4697 proprium
744 4615 908 4680 seruitium
930 4637 986 4702 pru
1009 4617 1144 4681 remedio
1160 4619 1258 4682 anime

87 4723 187 4768 Fontes.
204 4722 232 4766 X.
1027 4726 1041 4770 3
