3122 5096
1249 383 1271 452 7

75 555 218 640 quiequid
244 557 328 619 inira
351 555 406 618 hos
433 556 581 618 terminos
608 553 715 616 estad
739 554 950 640 parrochiam
968 555 1100 642 piriclto
1124 556 1271 639 pertinet.

78 663 234 729 Ocnoditis
259 667 359 727 autem
383 663 472 749 opmd
492 685 517 728 e.
542 663 673 726 Petrum
695 682 732 724 ne
754 681 842 746 quam
865 661 903 726 de
928 662 1101 730 abscisione
1126 663 1185 728 sibi
1201 663 1276 728 suh·-

75 770 203 834 iacentis
225 771 388 854 parrochie
410 771 565 854 penuriam
588 769 759 832 sufferrent.
788 769 826 832 ad
849 769 906 832 hoc
928 790 966 832 ne
991 790 1049 854 qua
1077 769 1205 853 amplius
1236 772 1274 835 dc

77 873 379 962 decimatione'apud
400 880 541 944 homietot
564 897 653 966 quam
677 877 864 941 affirmabant
885 897 969 942 suam
991 879 1115 962 querela
1133 879 1273 944 oriretur.

75 987 231 1051 dimidium
249 985 408 1050 oblationis
425 988 456 1049 in
472 987 608 1052 ecclesio
619 985 652 1049 S.
666 985 844 1050 Michaelis.
863 990 894 1048 et
911 983 1141 1050 decimationem
1157 989 1219 1052 uini
1236 989 1273 1052 ad

74 1095 201 1159 eandem
218 1095 381 1158 eeclesiam
397 1095 557 1172 terminati.
581 1095 721 1177 predicte
745 1096 974 1176 congregationi
997 1093 1211 1160 subtrahendo.
1237 1117 1273 1160 ac

74 1225 127 1268 sue
159 1205 258 1287 partis
299 1204 451 1268 dimidium
484 1204 693 1267 decimationis
726 1203 867 1266 frumenti
900 1203 1032 1267 eiusdem
1066 1203 1210 1268 ecclesie.
1243 1211 1273 1268 et

77 1313 306 1376 decimationem
332 1313 392 1376 uini
417 1313 464 1376 sui
488 1311 567 1396 apud
590 1311 703 1379 cteima.
733 1312 891 1394 utriusque
914 1311 1091 1376 monasterii
1113 1313 1271 1395 preposito

74 1421 263 1484 assentiente
278 1421 419 1484 restituit.

161 1743 273 1807 Notum
291 1742 482 1807 sitecclesie
494 1742 574 1806 filiis.
592 1741 672 1826 quod
684 1741 870 1804 uenerabilis
883 1740 1072 1806 Altmummm
1084 1743 1271 1826 patauiensis

73 1853 209 1916 ecclesie
234 1853 397 1935 episcopus
425 1851 462 1915 de
488 1851 648 1915 latitudine
676 1849 837 1934 parrochie
867 1851 943 1934 apud
974 1849 1113 1915 huriocim
1140 1849 1273 1934 precidit

72 1965 187 2044 partem
217 1960 256 2024 ad
285 1959 473 2024 condendam
505 1980 613 2022 nouam
641 1959 840 2042 parrochiam.
879 1955 971 2022 Cuius
1001 1977 1078 2044 noue
1108 1959 1271 2041 parrochie

72 2076 193 2132 matrem
211 2068 373 2132 ecclesiam
390 2069 470 2152 apud
486 2069 613 2134 chmliulr
631 2067 698 2131 heri
715 2067 818 2130 uoluit.
836 2065 977 2129 Eiusdem
995 2050 1154 2150 parrochie
1166 2069 1269 2130 certus

72 2177 154 2240 limes
171 2182 221 2241 est
237 2197 346 2240 uersus
370 2176 558 2239 occidentem
580 2177 660 2238 inter
682 2176 834 2255 allodium
856 2173 1063 2239 marchionis.
1090 2178 1121 2238 ei
1137 2194 1271 2258 quorun-

73 2282 137 2348 dam
155 2284 303 2347 nobilium
319 2283 510 2352 descendens
530 2306 545 2346 a
564 2285 710 2346 montanis
736 2303 831 2366 usque
853 2283 890 2345 ad
903 2283 1111 2364 mocimhach.
1136 2282 1208 2346 inde
1231 2281 1270 2346 ad

8 2383 9 2386 ¹
71 2393 256 2458 moidihach.
275 2391 370 2455 'Juxta
388 2413 476 2476 quem
492 2381 590 2454 riuum
606 2390 700 2454 hahet
717 2410 876 2455 ascensum
893 2389 932 2452 ad
947 2389 1048 2454 uillam
1070 2411 1129 2473 que
1146 2396 1270 2455 uocatur

72 2500 258 2568 mnididoclt.
276 2499 345 2562 inde
362 2493 453 2578 hahet
468 2495 629 2562 terminum
646 2498 767 2562 dorsum
785 2497 926 2560 tumentis
942 2486 1036 2579 terre.
1059 2495 1145 2582 quam
1162 2489 1270 2562 rustici

74 2597 174 2672 dicunt
189 2608 324 2674 echeith.
334 2589 380 2670 ad
396 2608 509 2672 millam
524 2607 687 2671 heimonis.
707 2607 776 2670 dein
793 2606 832 2669 ad
847 2607 1053 2671 moisimboclt.
1071 2591 1160 2670 turta
1182 2625 1270 2689 quem

74 2717 161 2780 hahet
174 2717 357 2780 descensum
375 2717 412 2779 ad
428 2717 524 2779 riuum
541 2716 689 2780 hmriwim.
709 2719 739 2778 et
756 2715 800 2780 sic
817 2715 897 2778 iuxta
915 2716 979 2793 eius
995 2714 1157 2804 decursum
1174 2733 1269 2798 usque

74 2826 110 2888 ad
125 2825 282 2890 airmiclm.
307 2823 399 2888 Cuius
412 2825 500 2888 etiam
519 2825 665 2906 decursus
682 2824 769 2887 limes
783 2830 935 2908 estusque
952 2823 988 2886 ad
1005 2823 1268 2888 rudmamuchcch.

74 2955 159 3020 quem
185 2934 323 2998 ascendit
341 2927 442 3018 ‘usque
458 2933 498 2998 ad
512 2934 655 2998 tumulum
677 2933 728 3016 qui
751 2915 889 2996 excreuit
904 2952 995 3016 super
1017 2915 1169 3020 mcprcim.
1187 2931 1269 3018 lndc

75 3041 199 3106 eandem
228 3033 414 3105 altitudinem
443 3040 537 3104 habet
560 3061 647 3124 quam
671 3041 777 3104 rustici
803 3036 905 3103 dicunt
929 3040 1088 3126 Wopreim.
1115 3039 1270 3124 usquead

76 3162 175 3219 ortum
203 3152 332 3216 hedilic.
365 3141 446 3216 lnde
467 3172 562 3234 usque
585 3151 621 3214 ad
648 3151 812 3232 proximum
842 3152 973 3211 montem
1000 3150 1058 3232 qui
1079 3150 1210 3232 pertinet
1232 3149 1270 3214 ad

76 3259 224 3335 immittat.
251 3259 327 3322 ilinc
344 3259 435 3324 habet
453 3261 632 3324 descensum
649 3249 730 3322 iuxta
752 3247 961 3325 chrcbiahoch
983 3278 1077 3342 usque
1097 3257 1135 3320 ad
1155 3258 1268 3343 pilum.

78 3365 170 3446 Quem
187 3369 278 3431 etiam
296 3368 400 3456 pilam
422 3368 530 3463 transit
545 3373 629 3432 recto
646 3366 740 3442 limite
757 3367 835 3428 inter
859 3367 920 3430 duo
939 3367 1060 3430 allodio
1076 3354 1285 3432 marchionis

76 3479 106 3536 et
128 3474 244 3538 domini
271 3473 441 3563 Piliprimi.
469 3475 647 3556 pertingens
672 3493 767 3558 usque
791 3473 828 3536 ad
850 3479 998 3536 montana.
1031 3472 1091 3536 llos
1112 3473 1269 3558 predictos

77 3581 155 3646 riuos
172 3581 266 3645 hahet
282 3582 389 3646 eadem
403 3582 564 3665 parrochia
580 3587 682 3646 certos
692 3582 819 3644 limites.
844 3583 885 3644 ita
901 3587 1000 3645 tamen
1017 3587 1050 3656 ut
1067 3581 1137 3644 uilla
1155 3583 1270 3645 eisdem

78 3689 183 3754 riuulis
205 3690 285 3753 infra
308 3691 492 3754 adiacentes.
519 3682 700 3774 quacunque
708 3672 954 3754 transcenderint
969 3689 1093 3753 eosdem
1109 3689 1223 3754 riuulos
1240 3693 1272 3754 ut

79 3797 192 3862 assolet
208 3815 274 3882 per·¹
281 3797 415 3882 quelibet
430 3803 563 3862 extrema
581 3800 628 3862 sui
644 3799 769 3862 limitem
786 3802 991 3880 promoreant.

647 3984 700 4055 Xl.

165 4123 226 4186 Iste
254 4127 301 4186 est
332 4123 479 4188 terminus
508 4123 686 4210 parrochie
711 4122 884 4188 Maiiboch.
921 4122 1058 4204 Aponte
1084 4122 1134 4205 qui
1163 4121 1274 4186 dicitur

81 4231 198 4295 Zionao
215 4237 282 4294 cum
298 4231 401 4295 uillula
417 4251 476 4315 que
493 4233 628 4314 proxima
645 4235 692 4294 est
708 4232 828 4294 nomine
842 4236 960 4296 strdco.
980 4236 1010 4292 et
1026 4228 1098 4292 inde
1115 4229 1275 4294 descendit
1360 4311 1365 4318 p

81 4357 174 4424 usque
191 4340 412 4406 Gmichiatol.
435 4339 506 4402 inde
523 4339 657 4418 aduiam
673 4359 731 4422 que
748 4344 873 4403 uocatur
890 4338 1177 4426 picchmmtirmoch.
1203 4338 1274 4403 inde

80 4449 306 4532 mirimdiadcrf.
330 4453 362 4511 et
377 4448 448 4511 inde
465 4469 481 4510 a
498 4437 597 4535 porto
620 4448 835 4513 moendinis.
854 4448 974 4534 predio
999 4447 1168 4512 libcrmmm
1190 4454 1275 4513 recta

79 4555 155 4620 linea
172 4576 267 4640 usque
283 4556 577 4622 Perehcrdeaetich.
596 4560 626 4620 et
637 4556 712 4619 inde
729 4576 825 4642 usque
841 4556 1047 4621 tichmommes.
1065 4555 1136 4618 inde
1153 4573 1274 4621 rursum
