3064 5090
825 623 905 696 XlV.

277 782 348 842 1152.
370 781 525 842 butember.
561 781 703 854 Stlzburg.
729 812 761 822 -
782 779 936 836 Erabischoi
953 781 1084 836 Eberhard
1104 797 1152 834 ron
1172 779 1303 847 Saloburg
1325 778 1454 832 beurkuu-

278 876 339 939 det,
368 874 429 928 dass
453 891 498 928 ror
522 874 572 926 ibm
600 874 638 926 als
667 872 833 945 ptpstlichen
855 872 1075 935 Schiedsriebter,
1107 872 1149 924 die
1171 859 1391 924 rlbteWer-nher
1410 886 1455 922 son

278 964 414 1035 thtweig
432 966 484 1018 und
502 966 601 1019 Lutber
619 982 669 1018 von
694 966 742 1018 aot
764 965 836 1018 ibren
862 964 1042 1034 langjtbrigen
1060 963 1224 1016 Resitnstreit
1248 963 1314 1014 iiber
1331 961 1379 1014 das
1394 959 1456 1012 llort

278 1055 475 1108 Schwarzab
500 1056 553 1108 und
575 1055 672 1110 andere
696 1057 779 1109 Girter
800 1055 833 1108 im
857 1055 1084 1124 Vergleicbswege
1111 1053 1224 1106 beendet
1250 1054 1348 1114 haben,
1372 1052 1454 1103 indem

277 1147 329 1199 Aba
346 1145 445 1199 autau-
468 1163 516 1200 von
535 1147 586 1200 llot
608 1146 655 1199 mit
667 1146 844 1214 Zustimmung
857 1146 943 1198 seiner
962 1143 1157 1199 conventuales
1179 1143 1222 1196 iirr
1236 1144 1294 1196 eine
1307 1161 1365 1194 vom
1380 1142 1455 1194 Gott-

276 1238 374 1308 wciger
396 1237 465 1290 Abte
489 1237 663 1307 empinngene
689 1237 793 1290 Summe
820 1255 867 1290 von
895 1239 1009 1304 nwanzig
1031 1235 1114 1288 Pfund
1135 1235 1340 1303 Regensburger
1358 1233 1456 1292 Minae,
1529 1283 1530 1302 p

340 1328 407 1380 allen
425 1329 545 1380 semeron
561 1328 730 1398 Anspriichen
749 1329 795 1380 arui
809 1328 850 1379 die
870 1330 1019 1394 gennnnten
1035 1327 1116 1378 [luter
1130 1325 1248 1378 ieierliels
1263 1327 1395 1394 entsagte.

800 1436 933 1496 [Original]

365 1533 451 1619 (Ἠ-
474 1538 511 1602 ln
532 1539 664 1603 Nomine
679 1539 795 1603 Sancte
812 1547 842 1602 ot
857 1539 1022 1603 individue
1042 1535 1218 1600 Trinitatis.
1244 1533 1414 1599 Eberhard
1432 1531 1454 1616 ¹)
1529 1565 1530 1568 ¹

276 1647 536 1712 Solzborobenaia
559 1649 701 1712 Ecclesie
722 1649 1001 1734 Arnbiepisoopno,
1046 1645 1211 1710 llbrnbero
1252 1641 1459 1708 Clsotroicerroi

273 1757 395 1821 Abbati.
429 1756 468 1820 ln
489 1758 687 1842 Perpetuam.
727 1755 799 1818 Cum
833 1777 868 1818 ex
901 1755 999 1818 obicio
1034 1753 1175 1816 diuinitus
1203 1752 1290 1815 nobis
1325 1751 1455 1814 iniuncto

276 1866 339 1928 iura
365 1865 559 1928 ecclesiarum
585 1885 766 1928 conseruare
788 1865 959 1936 debeamus,
984 1864 1020 1927 ad
1045 1863 1126 1926 litein
1150 1861 1346 1924 dirimendam
1369 1868 1402 1922 ct
1425 1858 1458 1922 ad

279 1993 386 2058 pacem
410 1973 627 2036 reformandam
649 1973 729 2036 inter
750 1973 817 2036 illas
842 1973 989 2037 ecclesias
1015 1977 1046 2036 et
1067 1971 1290 2035 ecclesiasticas
1314 1989 1458 2052 personas

279 2101 368 2166 quea
387 2081 558 2144 ueneranda
576 2081 649 2145 sede
666 2103 784 2146 romana
802 2087 904 2146 nostro
927 2081 1036 2144 iudicio
1059 2079 1233 2163 specialiter
1249 2078 1459 2140 commendan-

278 2197 336 2262 tur,
360 2191 548 2274 propensiori
574 2210 643 2254 cnra
660 2190 819 2273 inuigilare
842 2191 995 2254 debemus.
1032 2189 1116 2253 Vnde
1139 2187 1319 2252 auctoritate
1351 2186 1459 2248 domini
1529 2195 1530 2198 ’

275 2319 353 2383 pape
369 2299 505 2386 Enpeaii
520 2297 632 2372 muniti,
652 2299 884 2363 controuersiam
902 2299 994 2373 illam,
1012 2320 1070 2384 qne
1086 2297 1165 2361 inter
1184 2293 1380 2360 uenerabiles
1400 2296 1460 2358 fra·
1529 2353 1530 2356 ,

277 2414 342 2471 tres
366 2413 485 2470 nostros
512 2406 754 2493 Wernbernmr)
778 2407 914 2471 abbatem
934 2407 971 2471 de
999 2407 1155 2473 obotroiob
1180 2410 1211 2469 et
1233 2404 1422 2469 Lotberiom
1432 2406 1458 2490 ⁸)

278 2517 416 2581 abbatem
439 2515 477 2579 de
506 2525 584 2588 rote,
613 2517 651 2580 de
676 2515 850 2602 quibusdam
872 2515 1115 2600 possessionibus
1144 2512 1326 2594 agitabatur,
1359 2514 1462 2576 termi-

277 2627 403 2690 nandam
431 2624 628 2708 suscepimus.
678 2626 836 2710 Vtramque
860 2626 953 2706 igitur
978 2630 1094 2707 partem
1119 2623 1155 2687 ad
1179 2626 1309 2686 nostram
1334 2641 1462 2706 presen-
1530 2705 1531 2714 ἵ

277 2735 346 2798 tiam
370 2737 543 2809 euocantes,
570 2732 799 2818 allegationibus
818 2735 885 2798 hinc
902 2739 932 2797 et
953 2734 1023 2796 inde
1040 2733 1202 2814 diligenter
1226 2735 1257 2793 et
1272 2732 1463 2796 sullicienter
1529 2733 1531 2780 f

177 2854 180 2861 '
278 2841 385 2906 auditis
409 2847 440 2905 et
461 2842 597 2925 plenarie
620 2842 760 2924 cognitis,
786 2864 852 2906 cum
874 2843 956 2906 litem
974 2843 1124 2904 sententia
1143 2839 1306 2904 terminare
1322 2841 1462 2904 intende·
1529 2841 1530 2878 ³

278 2971 394 3020 remus,
425 2950 538 3034 placuit
567 2951 685 3036 utrique
711 2951 789 3033 parti
814 2949 963 3014 amicabili
989 2949 1205 3034 compositione
1228 2949 1404 3021 conuenire,
1437 2953 1465 3012 et
1529 2975 1530 2978 ¹

278 3059 513 3123 controuersiam
538 3079 595 3142 que
621 3061 698 3122 inter
727 3079 779 3122 eos
816 3059 1015 3122 uentilabatur
1041 3059 1244 3121 transactione
1290 3059 1462 3122 terminare.

277 3167 383 3232 Modus
400 3171 495 3230 autem
511 3167 718 3231 transactionis
734 3167 785 3230 bic
808 3172 864 3230 est.
886 3168 1071 3232 Weroberoc
1087 3167 1179 3230 abbas
1197 3167 1234 3231 de
1251 3167 1411 3232 cbotaoiob
1428 3169 1464 3232 de

278 3275 385 3356 uiginti
406 3275 491 3338 libris
515 3277 729 3361 ratisponensis
751 3281 868 3339 monete
891 3277 1073 3342 botberiom
1095 3275 1233 3339 abbatem
1259 3275 1297 3339 de
1319 3284 1393 3341 rote
1416 3297 1464 3340 se·

278 3405 379 3448 eurum
397 3385 524 3455 redidit,
547 3392 578 3448 et
598 3387 633 3448 L.
658 3385 783 3448 consilio
813 3385 960 3447 seniorum
989 3385 1161 3448 monasterii
1185 3384 1231 3447 sui
1252 3383 1296 3447 liti
1321 3405 1411 3467 quam
1429 3386 1465 3448 de

279 3491 348 3556 uilla
372 3511 429 3576 que
451 3493 609 3558 mooraobo
623 3489 653 3577 t)
672 3493 781 3556 dicitnr
804 3499 835 3556 et
860 3493 898 3557 de
922 3493 986 3557 aliis
1009 3491 1271 3576 possessionibus,
1300 3494 1465 3578 dequibus

280 3604 426 3665 intereos
452 3601 602 3665 discordia
626 3607 700 3674 erat,
725 3622 779 3684 per
798 3603 1062 3668 exfestucationem
1087 3601 1319 3666 abrenuntiauit.
1370 3603 1464 3684 Quam

279 3709 510 3774 transactionem
532 3710 729 3792 expetitione
752 3712 907 3795 utriusque
930 3711 1025 3794 partis
1050 3711 1253 3793 suscepimus,
1283 3716 1313 3774 et
1337 3713 1465 3776 consilio

281 3819 412 3882 ecclesie
437 3822 559 3888 nostre,
580 3821 682 3881 nostra
712 3819 886 3882 auctoritate
915 3819 1160 3882 confirmavimus.
1201 3819 1246 3882 Ne
1269 3821 1363 3902 igitur
1395 3843 1464 3904 pra·

283 3945 385 3988 uorum
401 3926 551 3990 hominum
570 3926 789 3990 machinatione
805 3927 861 3990 hee
879 3929 907 3990 in
926 3932 1080 4010 posterum
1104 3949 1119 3990 a
1136 3949 1189 3992 sua
1211 3929 1349 3992 firmitate
1375 3931 1464 3994 auelli

281 4036 412 4115 possint,
444 4036 473 4096 in
499 4034 620 4117 scriptis
648 4036 790 4117 redigere
818 4040 848 4097 et
875 4035 969 4116 sigilli
992 4038 1087 4100 nostri
1115 4039 1315 4120 impressione
1344 4037 1464 4102 firmare

281 4143 460 4206 curauimus.
486 4142 580 4224 lgitur
597 4141 639 4204 fili
655 4143 813 4206 karissime
833 4143 1016 4215 llbrnbere,
1041 4143 1134 4207 abbas
1159 4147 1382 4212 obotanicensis
1400 4169 1464 4210 mo-

282 4250 403 4313 nasterii
430 4259 461 4313 te
483 4255 514 4313 et
537 4251 633 4314 omnia
657 4272 714 4336 que
735 4251 772 4314 ad
800 4259 831 4316 te
854 4257 993 4338 spectant
1015 4254 1233 4336 amplectentes
1256 4257 1412 4327 fouemus,
1437 4265 1466 4319 et

284 4363 489 4421 manutenere
516 4357 707 4442 disponimus,
731 4360 785 4423 sed
810 4365 840 4424 et
868 4367 974 4426 cuncta
996 4383 1055 4446 que
1075 4361 1236 4446 largitione
1258 4363 1394 4428 bdelium
1416 4371 1466 4429 tue

286 4464 418 4528 ecclesie
447 4465 555 4528 collata
584 4467 632 4529 uel
665 4467 760 4531 adbuc
795 4471 975 4534 conserenda
1002 4474 1088 4544 sunt,
1121 4471 1176 4535 sub
1205 4473 1334 4536 tuitione
1364 4479 1466 4538 nostra

283 4572 578 4656 comprehendimus,
615 4578 645 4636 et
678 4577 925 4641 corroboratione
958 4580 1111 4662 presentis
1141 4580 1252 4662 pagine
1286 4580 1463 4647 stabilimus.

1357 4879 1371 4914 ἱ
