3122 5096
835 609 931 684 CLX.

373 728 520 793 Nouerint
535 729 669 793 uniuersi
685 731 714 792 iu
733 730 853 796 Christo
869 735 978 798 renati.
996 733 1209 820 quodquidam
1226 735 1341 802 nobilia
1358 737 1472 802 nomine

285 840 481 905 churdus.
499 861 553 926 quo
548 840 686 925 spretio
698 843 827 929 pompis
842 843 1038 911 secularibus
1053 845 1214 908 nobiscum
1225 846 1423 954 repuleriter
1432 853 1474 910 eat

282 957 496 1016 conseramus.
522 947 644 1012 tradidit
665 949 703 1012 ad
724 948 819 1013 altare
843 950 876 1014 S.
894 950 989 1014 Mario
1012 951 1150 1038 predium
1172 972 1257 1015 suum
1274 929 1470 1018 dcindcimin

281 1057 392 1122 dictum
409 1077 475 1123 cum
490 1055 648 1140 mancipiis
666 1061 696 1120 et
712 1057 848 1122 omnihus
866 1059 1062 1143 appendiciis.
1080 1057 1225 1124 iratribus
1242 1060 1292 1126 hic
1305 1059 1364 1125 deo
1378 1064 1471 1126 serui·

280 1165 424 1231 entibus
415 1188 445 1229 m
461 1185 557 1230 usum.
582 1163 732 1249 ltlanuipia
750 1187 823 1230 uero
844 1187 880 1230 ea
899 1167 1071 1232 conditione
1085 1167 1247 1250 delegauit.
1262 1175 1296 1234 ut
1308 1172 1335 1234 sl
1349 1173 1469 1235 eandem

278 1274 503 1359 possessionem
526 1272 670 1338 incolunt.
696 1273 812 1338 reditus
838 1279 887 1360 qui
910 1275 948 1338 de
965 1295 1000 1340 ea
1017 1275 1166 1341 debentur
1183 1279 1470 1344 consuetudinaliter

189 1377 196 1387 ⁸
277 1384 416 1448 reddant.
446 1385 471 1446 si
495 1402 569 1446 uero
598 1379 669 1446 alibi
700 1382 878 1466 transpositi
905 1383 1024 1448 tuerint.
1052 1383 1100 1448 uel
1126 1391 1233 1470 sponte
1260 1385 1468 1468 migranerint.

278 1513 409 1556 censum.
427 1491 462 1556 V.
480 1489 672 1554 denariorum
685 1492 833 1572 annuatim
847 1493 1031 1575 persoluant.
1049 1493 1087 1556 m
1099 1498 1132 1557 ut
1143 1493 1201 1556 hec
1213 1495 1310 1558 omnia
1324 1495 1469 1580 deinceps

276 1601 452 1666 inconuulsa
470 1603 617 1664 maneant.
635 1604 730 1662 testes
745 1597 847 1662 idonei
863 1599 952 1664 asciti
968 1607 1046 1664 sunt.
1063 1601 1263 1690 Nortpcrtoc.
1284 1603 1467 1670 Willilrcra'c.

275 1709 488 1797 Mcyo'nprelit.
513 1708 696 1796 Sipifridoa.
719 1707 835 1771 niolo.
863 1709 944 1772 Otto.
968 1709 1085 1774 Snello.
1110 1711 1273 1776 Herimca.
1302 1713 1467 1779 Elclrc'loart.

274 1819 455 1882 lnuestiture
475 1817 676 1904 Nortpcrtuc.
701 1814 740 1876 m
762 1815 822 1878 heo
842 1820 912 1880 sunt
927 1818 1073 1901 mancipia
1099 1838 1157 1903 que
1173 1818 1335 1901 delegauit.
1362 1821 1466 1906 Engil-

274 1926 374 2010 prcht.
392 1925 501 1991 Ratolt.
519 1924 703 1992 Williheric.
721 1924 837 1992 Tiemo.
854 1925 1012 1992 Fridcrun.
1029 1925 1176 1994 Eudwib.
1194 1927 1346 1994 Mathilth.
1365 1931 1465 1995 Liuza.

274 2034 466 2099 Chadalhoch
483 2039 514 2101 ot
530 2053 604 2100 uxor
620 2032 685 2100 cius
702 2031 810 2100 dioilo.
834 2033 1003 2118 Engilrath.

813 2201 920 2272 CLXI.

360 2329 468 2400 Notum
485 2327 524 2390 sit
541 2325 701 2392 omnibus
693 2345 723 2388 rn
737 2323 857 2388 Christo
871 2327 995 2388 renatis.
1014 2325 1093 2413 quod
1107 2325 1243 2392 dominus
1259 2329 1463 2396 Geoeoorcuo

268 2409 308 2502 dc
328 2439 446 2525 Propon
470 2435 623 2516 delegauit
648 2455 739 2518 super
765 2433 858 2498 altare
882 2431 914 2496 S
932 2432 1026 2499 Mario
1048 2433 1154 2500 nouale
1178 2435 1359 2518 quoddam
1349 2459 1381 2501 m
1396 2439 1462 2503 loco

267 2547 318 2631 qui
342 2549 466 2610 uocatur
490 2544 639 2608 Suoilroo.
663 2547 770 2622 rogatu
792 2541 923 2607 Istorioi
943 2539 1147 2606 ministerialis
1173 2543 1220 2607 sui
1246 2545 1391 2610 adhibitis
1415 2547 1460 2609 nis

265 2655 405 2719 testibus.
421 2654 626 2720 Gondaclror.
642 2653 719 2738 090.
733 2653 857 2718 oecon
868 2651 1087 2718 demulo'dnclr.
1101 2653 1238 2739 Liupolt.
1218 2655 1459 2720 t.Marclnoart

265 2765 422 2852 Piliqrc‘m.
432 2763 588 2828 Liutcoin.
604 2762 721 2848 Dietpo
724 2760 1168 2826 ddimarclrionisccroientcc.
1186 2758 1313 2846 codols.
1332 2765 1459 2850 Enydr-

264 2873 367 2942 colclo.
392 2871 572 2938 lnuestiture
590 2869 794 2936 Gandaolmr.
822 2845 898 2956 dyo.
923 2871 1054 2934 Bertolt.

703 3055 814 3126 unxn
834 3063 866 3126 et
884 3053 1020 3128 CLXlll.

354 3181 463 3246 Notum
480 3180 520 3244 sit
533 3178 669 3244 omnibus
682 3176 761 3262 quod
773 3175 955 3241 uenerabilis
969 3154 1140 3243 (idolri'cuc
1152 3179 1320 3268 episcopua
1333 3179 1460 3244 tradidit

263 3281 301 3356 ad
318 3292 410 3355 altare
428 3291 460 3354 S.
475 3289 572 3355 Mario
588 3286 766 3350 heneficium
788 3285 990 3352 llscrc'ndcrdi
1003 3287 1222 3352 ministerialis
1237 3287 1289 3352 aui
1304 3287 1342 3351 ad
1363 3289 1458 3373 Wlf-

255 3401 401 3487 peizipin
417 3401 483 3482 ipso
500 3401 626 3478 rogante
642 3416 697 3480 pro
714 3397 943 3458 commutatione
961 3396 1084 3461 alterius
1100 3395 1199 3480 predii
1215 3395 1293 3480 apud
1308 3397 1456 3462 Pedetm-

259 3509 406 3578 corratio
423 3507 472 3572 siti
489 3506 566 3590 quod
583 3507 801 3570 Hurtmumms
817 3503 914 3567 aooao
931 3523 998 3566 cum
1015 3505 1164 3568 communi
1177 3505 1303 3568 fratrum
1315 3507 1456 3570 consilio.

260 3595 297 3684 0⁰.
314 3619 463 3708 episcopo
486 3613 619 3680 reddidit
644 3613 782 3696 predicto
813 3610 1015 3678 Werindurdo
1039 3615 1243 3698 prestandum.
1275 3613 1331 3678 Cui
1354 3623 1456 3680 mutue

257 3727 408 3790 donationi
432 3727 595 3808 presentes
619 3723 739 3784 fuerunt
774 3719 806 3784 S.
833 3719 978 3804 Stephani
1007 3721 1216 3786 ministeriales
1241 3723 1453 3791 Murcloaourt.

259 3836 339 3918 Grif.
363 3836 476 3898 Peneo.
505 3833 608 3897 Wezc‘l.
634 3828 760 3914 Rcidolf.
790 3829 968 3894 lllrltderic.
987 3837 1018 3893 et
1034 3829 1084 3894 alii
1097 3851 1183 3916 quam
1201 3830 1315 3914 plures.

345 3941 508 4024 Delegauit
524 3939 607 4003 idem
623 3939 793 4025 episcopus
809 3941 839 4000 et
855 3937 912 4000 alia
929 3939 987 4002 duo
1004 3940 1110 4018 iugera
1127 3939 1165 4003 ad
1182 3941 1309 4003 eundern
1321 3944 1454 4026 tytulum

251 4070 307 4136 pro
325 4051 554 4114 commutatione
574 4047 697 4111 duarum
714 4047 852 4126 iugerum
876 4047 914 4110 ad
934 4047 1100 4113 Motturin.
1118 4053 1148 4111 et
1164 4047 1311 4132 quendam
1329 4053 1453 4116 nomine

250 4161 426 4225 Liuzonem.
445 4157 550 4222 eadem
568 4157 626 4220 die.
644 4159 675 4218 et
690 4153 746 4218 sub
762 4156 980 4240 prenominatis
996 4157 1136 4221 testibus.

775 4342 915 4414 CLXIV.

339 4465 467 4532 Nouerit
488 4465 628 4530 uniuersa
649 4464 798 4529 catholico
814 4465 912 4548 plebis
930 4467 1071 4532 ecclesia.
1090 4467 1307 4552 quodquidam
1325 4473 1449 4535 nomine

247 4579 353 4644 Heder
369 4597 436 4641 cum
449 4595 537 4638 manu
549 4574 666 4639 omorio
676 4593 731 4638 sue
745 4573 877 4638 Wentile
888 4574 1014 4640 tradidit
1025 4576 1162 4659 predium
1176 4597 1259 4640 suum
1277 4578 1447 4666 Qualepie.
