3122 5096
760 595 953 669 CCLXXlX.

344 735 513 801 Notandum
530 737 619 801 simili
635 737 723 801 modo
740 755 811 800 esse
828 737 964 801 nolumus
981 735 1061 821 quod
1078 735 1196 820 quidam
1215 737 1351 822 Gumpo.
1368 734 1406 798 N.
1425 739 1455 798 et

253 867 340 912 coron·
361 845 429 911 dus
452 847 492 910 de
510 847 728 934 Witipeistorf
742 846 825 910 dedit
847 845 879 908 S.
898 845 993 909 Marte
1009 848 1041 908 et
1058 845 1129 907 huic
1146 845 1380 928 congregationi
1397 843 1453 908 deo

253 955 400 1019 seruienti
423 954 484 1018 hic.
509 953 712 1018 molendinum
735 953 772 1017 ad
791 955 971 1038 Wsindorf
987 973 1053 1017 cum
1070 953 1221 1018 ediscenti
1242 956 1340 1036 prato.
1367 951 1455 1014 utut

253 1064 311 1127 hec
338 1063 461 1127 traditio
488 1063 662 1126 inconuulsa
692 1063 836 1146 deinceps
862 1067 1045 1144 permaneat.
1069 1063 1165 1124 testes
1194 1061 1237 1124 lrii
1264 1081 1321 1145 per
1349 1079 1453 1124 eurem

255 1171 345 1234 asciti
362 1176 440 1234 sunt.
466 1173 668 1236 Hermastus
683 1173 723 1236 de
739 1169 930 1236 dustistsim
946 1175 977 1234 et
993 1169 1173 1235 Hetteeolclt.
1198 1167 1374 1234 Hcimieus
1399 1169 1453 1234 be·

254 1301 363 1343 wareo
379 1280 420 1343 de
430 1281 641 1364 urowendorf.
659 1281 861 1344 Helicaonas
873 1279 914 1342 de
925 1280 1008 1344 bore.
1029 1279 1100 1344 Otto
1114 1283 1144 1342 et
1156 1279 1340 1344 Hortwicus
1352 1279 1457 1343 nostri

251 1386 443 1470 familiares.

767 1515 944 1590 CCLXXX.

347 1656 386 1719 Et
402 1655 460 1720 hoc
476 1655 620 1718 memorie
636 1655 872 1720 comendandum
889 1655 969 1739 quod
993 1654 1137 1720 domines
1151 1645 1340 1722 Ftidericus
1356 1657 1455 1722 ratis·

255 1764 410 1853 possessis
437 1765 612 1830 aduocatos
639 1764 761 1828 tradidit
787 1764 974 1830 kotwicensi
993 1763 1126 1830 ecclesie
1154 1765 1339 1847 potestatiua
1368 1785 1456 1828 manu

258 1873 416 1958 quendam.
434 1870 470 1934 N.
489 1872 687 1952 Sigmundum
704 1892 771 1937 cum
788 1876 937 1936 omnisne
953 1873 1131 1955 posteritate
1148 1871 1331 1936 adsensum.
1347 1871 1384 1935 V.
1400 1873 1456 1936 de-

255 1983 407 2044 nariorum
423 1984 454 2044 et
470 1979 527 2044 hec
544 1982 663 2044 nomina
680 2001 794 2045 eorum.
818 1981 951 2064 llbeper.
968 1979 1129 2044 Arnoldus.
1147 1977 1328 2063 chunigunt.
1348 1982 1457 2046 Aaela.

255 2087 311 2153 Cui
327 2089 373 2152 rei
388 2088 589 2152 testificantur
604 2089 776 2156 Heinricus
793 2093 822 2152 et
837 2087 979 2176 Sipiboto
995 2089 1035 2152 dc
1051 2087 1243 2175 Zakloiopen.

763 2273 956 2345 CCLXXXl.

346 2413 431 2476 Anno
453 2412 668 2476 incarnationis
685 2413 796 2477 domini
818 2411 890 2476 mill.
909 2410 943 2475 0.
957 2412 990 2476 1.
1006 2411 1078 2476 Vlll.
1096 2433 1197 2478 comes
1214 2413 1401 2480 ekkebertus
1417 2416 1455 2480 dc

257 2522 370 2610 patine
383 2541 450 2586 cum
461 2522 629 2587 Friderico
641 2543 717 2609 repe
729 2521 759 2584 in
772 2521 994 2605 expeditionem
1006 2519 1113 2584 iturus.
1127 2519 1280 2602 delegauit
1293 2524 1323 2586 in
1336 2543 1456 2586 manum

259 2630 385 2695 Sioridi
399 2631 620 2696 ministerialis
635 2632 688 2696 sui
701 2629 840 2714 predium
854 2649 939 2693 suum
953 2629 991 2694 ad
1003 2629 1217 2714 chrotendorf.
1235 2651 1270 2694 ec
1284 2631 1457 2696 conditione

259 2743 291 2802 ut
314 2740 340 2800 si
362 2740 430 2822 ipse
453 2739 483 2801 in
507 2739 699 2822 expeditione
724 2739 829 2802 eedem
851 2739 913 2802 uita
937 2737 1113 2802 decederet.
1141 2737 1194 2802 ille
1215 2738 1296 2802 idem
1318 2740 1458 2823 predium

258 2847 443 2929 potestatiua
455 2867 543 2912 manu
557 2848 752 2935 Gotocipensi
762 2847 952 2912 monasterio
967 2848 1126 2912 cumomni
1142 2846 1255 2910 familia
1270 2849 1459 2931 ipsuntpre-

258 2955 338 3018 dium
354 2955 505 3019 incolente
522 2956 726 3020 contraderet.
759 2954 873 3018 Comite
890 2975 963 3037 ergo
979 2956 1011 3018 in
1030 2955 1220 3038 expeditione
1237 2958 1352 3022 occiso.
1377 2957 1458 3020 idem

257 3062 407 3128 Siaridus
429 3063 622 3128 traditionem
647 3065 706 3128 sibi
730 3065 890 3128 iniunctam
916 3083 1007 3146 super
1030 3063 1185 3149 reliquias.
1210 3086 1234 3128 s.
1252 3065 1350 3128 Marie
1374 3072 1479 3130 com-'

258 3171 361 3256 plenit.
391 3173 438 3235 his
466 3171 596 3236 testibus
625 3173 801 3236 astantibus.
836 3171 998 3260 Siploordo
1025 3174 1065 3237 de
1089 3173 1182 3256 flacc.
1221 3175 1391 3240 Gotscclco
1418 3175 1458 3239 de

258 3281 456 3345 icndcsloere.
490 3282 646 3346 Waitloero
667 3283 708 3346 de
730 3279 955 3367 tanniopsrclt.
983 3279 1182 3346 Adelderooe
1204 3287 1236 3344 et
1258 3283 1367 3365 fratre
1389 3283 1457 3354 eius

259 3366 410 3455 O⁰dolrico
434 3391 475 3454 de
497 3389 773 3455 demictensteine.
796 3389 960 3454 Liudaoico
977 3390 1018 3453 de
1036 3390 1181 3475 planete.
1208 3390 1400 3454 Gotscclclto
1418 3391 1457 3455 de

257 3497 463 3562 diermsteine.
492 3497 662 3562 Cdunrado
684 3498 725 3560 de
748 3497 957 3584 pesinperpe.
985 3497 1176 3583 Repimdcrto
1201 3497 1242 3560 de
1270 3498 1456 3586 leichlinpe.

257 3607 427 3690 Hartfrido
445 3610 475 3668 et
493 3606 654 3672 Guntltero
676 3607 783 3689 fratre
806 3605 874 3670 eius
893 3605 933 3668 de
950 3605 1103 3692 poscacle.
1129 3605 1260 3692 Otaprio
1277 3607 1402 3670 decano
1419 3608 1458 3671 de

257 3715 395 3780 ciscacd.
419 3717 550 3802 Popone
561 3715 701 3800 plebano
718 3713 757 3776 de
772 3712 1062 3777 niuwencdircden.
1087 3713 1255 3799 liupatone
1270 3713 1311 3778 de
1332 3717 1456 3801 petiae.

256 3824 412 3890 Heinrico
430 3825 470 3888 de
485 3823 641 3910 totingen.
658 3802 903 3886 Etletardo‘de
920 3821 1039 3888 erioch.
1062 3821 1207 3886 Dietrico
1223 3822 1263 3886 de
1278 3824 1456 3888 swarzaclt.

259 3933 427 3997 Gerdcrdo
440 3933 480 3996 de
492 3932 701 4018 plizenuelde.
723 3931 836 3995 Ottone
852 3935 882 3993 et
894 3932 1001 4013 fratre
1013 3930 1081 3996 eius
1098 3925 1225 4017 llifinyo
1238 3931 1278 3996 de
1290 3930 1456 4018 cleopice-

256 4061 359 4128 perpe
376 4039 502 4124 aliisque
519 4037 770 4124 quamplurimis.
838 4075 840 4080 ·

754 4185 961 4258 cccxxxii.

348 4325 457 4390 Notum
483 4326 523 4389 sit
543 4329 602 4390 tem
625 4327 818 4410 presentibus
840 4345 926 4410 mam
949 4325 1057 4388 futuris
1073 4323 1202 4408 qualiter
1217 4345 1274 4411 epo
1290 4326 1457 4394 Jotannes

258 4436 388 4502 humilis
414 4437 651 4522 potwicmsium
677 4458 798 4502 scruas.
824 4435 985 4501 tietmaro
1010 4437 1041 4496 et
1067 4434 1232 4500 Dietmaro
1256 4435 1296 4498 de
1327 4439 1457 4520 familia

196 4551 197 4554 ’
257 4546 443 4610 monasterii
468 4565 536 4608 cum
560 4545 687 4609 consilio
713 4549 744 4608 et
767 4545 913 4628 petitione
937 4545 1063 4606 fratrum
1088 4547 1119 4606 et
1140 4542 1309 4607 uoluntario
1327 4565 1456 4610 assensu
