3122 5096
387 1305 562 1408 nimiter·
582 1325 705 1434 operis
725 1331 918 1434 sequentis.

61 1507 120 1612 De
135 1544 266 1610 Diversa
281 1547 431 1611 Ilidclium
448 1547 616 1611 conlatione
631 1547 691 1610 iste
707 1547 828 1612 libellus
846 1553 893 1611 est
909 1549 1111 1630 conscriptus.
1129 1549 1180 1633 qui
1197 1567 1250 1630 pro

60 1651 190 1716 remedio
215 1655 312 1718 anime
336 1676 401 1720 sue.
426 1657 565 1739 priuatim
588 1656 637 1718 uel
660 1655 782 1738 publice
804 1657 927 1741 propria
954 1655 1040 1720 nobis
1064 1656 1165 1736 largiti
1182 1659 1252 1719 sunt

60 1757 143 1823 bona.
168 1760 236 1841 Que
252 1761 366 1826 idcirco
384 1763 508 1846 scriptis
521 1765 749 1846 assignauimus.
767 1769 800 1826 ut
816 1765 909 1848 siquis
927 1763 1031 1826 eadem
1049 1766 1078 1826 in
1095 1769 1250 1846 posterum

60 1869 215 1933 retrahere
237 1871 351 1934 nititur.
376 1872 511 1936 euidenti
532 1873 703 1936 testimonio
726 1873 932 1936 conuincatur.
958 1872 1043 1936 Nunc
1061 1874 1139 1935 enim
1161 1872 1252 1935 tantis

59 1977 242 2042 inueteratus
260 1983 307 2042 est
322 1980 450 2044 mundus
466 1980 563 2044 malis.
581 1987 614 2044 ut
628 1981 707 2064 quod
724 1981 827 2064 plures
844 2001 967 2064 prospe
983 1982 1134 2044 mercedis
1148 1985 1252 2044 eterne

61 2087 219 2150 conserunt
231 2088 373 2151 ecclesie.
390 2087 441 2150 alii
456 2089 577 2152 iusticie
589 2089 675 2152 obliti
692 2110 750 2154 nou
765 2094 900 2152 metuunt
912 2089 1055 2172 diripere.
1073 2089 1140 2152 Non
1154 2092 1252 2151 autem

60 2193 244 2258 solummodo
261 2215 277 2257 a
293 2195 469 2280 potentibus
487 2201 518 2260 ct
534 2197 695 2262 nobilibus.
720 2197 775 2260 sed
793 2197 882 2260 etiam
898 2197 935 2260 ab
952 2197 1061 2260 intimis
1086 2198 1146 2259 iste
1168 2195 1252 2260 locus

59 2300 87 2362 in
110 2302 202 2366 uariis
228 2305 369 2385 expensis
392 2304 569 2368 adcreuisse
593 2305 769 2369 dinoscitur.
796 2304 928 2384 Quorum
945 2305 1074 2368 omnium
1092 2303 1253 2385 singularis

59 2409 210 2473 inuenitur
241 2409 330 2473 beate
361 2413 506 2478 memorie
537 2412 674 2476 dominus
709 2417 814 2476 noster
843 2413 1029 2477 Altmunrcva
1067 2411 1252 2495 patauiensis

59 2515 233 2600 episcopus.
262 2519 428 2600 apostolice
456 2517 539 2582 sedis
567 2521 696 2601 legatus.
723 2519 773 2602 qui
802 2515 891 2582 huius
914 2518 974 2581 loci
996 2519 1093 2582 extitit
1113 2517 1254 2582 fundator

58 2622 313 2686 strennuissimus.
338 2624 476 2708 Denique
499 2625 579 2688 bunc
602 2625 697 2690 locum
720 2625 774 2708 qui
794 2630 920 2688 uocatur
940 2647 1028 2690 mona
1044 2624 1253 2712 Kotooipcoaia

58 2749 74 2792 a
89 2729 255 2794 solitudine
273 2730 427 2795 edificans.
454 2733 510 2796 deo
527 2733 740 2816 famulantibus
756 2733 951 2797 habitabilem
967 2733 1100 2798 reddidit
1116 2755 1151 2797 ao
1169 2753 1248 2796 ame-

58 2857 134 2901 num.
159 2843 191 2902 et
207 2841 423 2903 monasterium
440 2845 619 2904 construens
637 2841 796 2904 inhonore
813 2845 919 2904 sancte
939 2841 987 2903 dei
1004 2841 1161 2922 genitricis
1178 2862 1252 2924 per-

56 2949 146 3026 petue
163 2946 295 3027 uirginis
312 2948 408 3010 Marie
431 2947 593 3010 dedicauit.
615 2946 819 3030 fratribusque
840 2947 1024 3028 regulariter
1046 2968 1082 3012 eo
1103 2947 1251 3012 adunatis.

55 3052 140 3136 plura
165 3053 276 3137 quibus
300 3074 356 3138 pro
379 3075 433 3118 sua
455 3055 680 3118 necessitudine
703 3074 810 3118 carere
833 3060 962 3138 poterat.
989 3055 1021 3116 in
1044 3055 1158 3138 prediis
1176 3055 1253 3118 etin

56 3159 122 3224 aliis
150 3161 285 3226 donariis
314 3163 561 3228 subministrabit.
598 3163 747 3245 Precipue
774 3183 847 3226 uero
876 3163 916 3226 de
943 3163 1098 3226 beneficiis
1126 3162 1253 3226 militum

56 3289 178 3332 suorum
204 3270 317 3354 quein
341 3271 408 3334 eius
429 3275 610 3354 potestatem
635 3270 722 3334 iustis
740 3291 775 3334 ex
792 3271 892 3334 causis
909 3271 1104 3335 deuenerant.
1130 3271 1179 3333 uel
1202 3273 1254 3354 qui

56 3375 172 3460 absque
201 3377 318 3440 herede
345 3377 406 3441 uita
434 3382 641 3442 excesserant.
665 3378 855 3442 contradidit.
881 3379 961 3462 quod
987 3380 1064 3442 infra
1093 3379 1251 3464 scriptum.

54 3485 160 3551 melius
179 3486 394 3554 declarabitur,
427 3487 487 3550 Has
512 3491 610 3550 autem
626 3507 730 3550 omues
746 3488 924 3552 traditiones
942 3508 1016 3571 quas
1033 3487 1116 3552 fecit.
1142 3469 1252 3571 partim

55 3593 231 3657 testimonio
263 3599 322 3656 tam
356 3593 534 3677 spiritalium
565 3613 653 3678 quam
688 3595 867 3658 secularium
901 3614 1111 3678 personarum.
1144 3596 1253 3678 partim

55 3701 225 3784 episcopali
242 3700 420 3764 auctoritate
435 3700 574 3765 firmauit.

53 3915 189 4018 lrcipit
213 3913 309 3994 liber
331 3917 540 4018 prediorum
566 3941 608 3994 ac
636 3919 896 4019 mancipiorum
926 3943 996 4020 quc
1025 3941 1047 3995 a
1079 3916 1251 3996 fidelibus

394 4042 620 4138 luciniaco
641 4047 724 4120 sunt
742 4044 923 4146 delegata.
1038 4081 1040 4087 v

644 4231 669 4300 l.

145 4363 294 4428 Noverint
307 4365 438 4430 universi
450 4370 554 4429 sancte
568 4367 700 4430 ecclesie
712 4367 792 4430 Filii.
809 4371 869 4430 tam
882 4370 984 4430 nostra
998 4369 1079 4430 etate
1091 4371 1251 4450 presentes

55 4489 144 4554 quam
161 4473 263 4534 futura
280 4473 458 4555 posteritate
480 4474 694 4537 succedentes.
718 4475 797 4559 quod
819 4475 877 4538 hec
899 4479 967 4544 stunt
990 4475 1171 4540 suburbana
1194 4495 1253 4558 que

54 4579 157 4644 felicis
185 4581 331 4643 memorie
355 4580 542 4646 dimanans
569 4581 755 4664 patauiensis
780 4584 912 4648 ecclesie
940 4585 1102 4667 episcopus
1130 4582 1256 4646 tradidit

85 4697 185 4742 Fontes.
198 4697 227 4742 X.
1021 4688 1035 4740 l
