3122 5096
1225 411 1270 514 pr

76 579 118 644 ol)
147 582 315 648 remedium
346 583 444 648 anime
476 603 531 647 sue
559 587 590 646 et
617 584 766 668 comparis
796 584 1005 672 compuncte
1036 605 1090 670 pro
1120 589 1274 652 consuete.

78 687 113 752 V.
132 690 323 755 denariorum
346 691 503 760 solutione.
529 710 616 774 quarn
634 691 658 753 si
674 691 764 754 trium
780 712 923 756 annorum
941 692 1160 776 supersederet
1176 693 1274 758 curri·

77 796 156 860 culo.
175 799 341 863 cottidiane
358 800 513 862 seruitutis
530 797 648 861 debitur
662 801 805 863 existeret
821 803 979 884 perpetuo.
997 801 1090 865 Huius
1103 801 1275 865 traditionis

75 909 172 970 testes
186 913 437 992 representantur
448 910 558 991 pagina
570 908 705 992 presenti
719 908 847 972 scilicet.
863 909 1090 996 Erchiuprclut.
1108 909 1272 974 Meridoto.

73 1014 211 1102 Repeto.
230 1016 349 1082 Suello.
369 1013 520 1082 Cldnrat.
539 1020 570 1079 et
587 1017 645 1078 alii.

624 1163 724 1264 'exn

165 1331 294 1394 Nenerit
316 1333 444 1396 omnium
467 1333 498 1394 in
520 1330 640 1394 Christo
663 1335 835 1394 renatorum
861 1333 920 1393 tam
945 1352 1073 1414 presens
1098 1338 1162 1396 etas
1185 1355 1274 1417 qnam

72 1461 258 1504 successura
274 1441 447 1523 posteritas.
465 1440 594 1524 qualiter
610 1441 721 1504 fratres
739 1441 833 1503 nostri
851 1440 1015 1503 communis
1034 1459 1123 1504 causa
1137 1441 1272 1506 utilitatis

73 1551 337 1612 commutationem
360 1548 500 1612 lecerunt
523 1547 709 1631 quorundam
736 1547 911 1630 prediorum
938 1547 996 1610 sihi
1024 1568 1080 1631 pru
1109 1549 1272 1614 elemosina

75 1656 246 1721 oblatorum
279 1676 352 1740 erga
386 1657 537 1721 dominum
566 1657 744 1722 Dietricum
774 1657 814 1720 dc
848 1656 1026 1722 llormbaclr.
1060 1660 1272 1722 consentiente

72 1767 223 1830 aduocato
242 1773 355 1829 nostro.
379 1765 491 1830 Horum
508 1764 657 1848 siquidem
674 1785 733 1850 qne
750 1786 804 1828 uos
822 1764 958 1827 dedimus
974 1765 1095 1830 fuerunt
1111 1765 1169 1830 duo
1186 1788 1272 1830 man-

71 1895 126 1938 sus
148 1876 181 1937 in
203 1875 348 1940 bawaria
373 1875 425 1936 siti
449 1895 524 1958 quos
547 1875 690 1939 dominus
713 1873 809 1938 Hecil
833 1873 993 1938 uobiscum
1020 1875 1054 1939 in
1081 1878 1272 1942 monasterio

70 1985 192 2070 clepens
217 1983 334 2066 optulit.
360 1987 391 2045 et
412 1983 471 2046 due
488 1982 578 2046 uinee
600 1982 638 2046 ad
659 1981 787 2047 Ascliae
809 2003 883 2066 quas
901 1983 1062 2066 episcopus
1086 1985 1273 2049 Altmouuus

70 2091 169 2154 dedit.
189 2097 231 2154 et.
253 2091 479 2179 Epiziuisdouf
494 2091 568 2155 duos
585 2111 706 2166 mansus
723 2094 753 2152 et
769 2092 925 2154 semissem
943 2090 1069 2154 habens.
1096 2093 1174 2175 quod
1198 2114 1272 2175 pre-

70 2201 155 2264 dium
172 2220 227 2283 pro
244 2199 379 2263 remedio
396 2205 552 2283 parentum
571 2201 636 2264 eius
653 2199 712 2262 huc
724 2199 854 2262 oblatum
868 2206 924 2262 est.
943 2201 980 2262 At
992 2205 1095 2262 contra
1109 2201 1175 2284 ipse
1190 2201 1273 2264 dedit

67 2314 167 2373 tetum
184 2309 327 2392 quiequid
345 2308 424 2393 apud
439 2310 529 2374 Muri
545 2310 658 2372 habuit.
682 2309 803 2371 scilicet
825 2307 992 2373 eccleciam
1016 2330 1086 2374 cum
1108 2332 1167 2374 suc
1190 2310 1264 2374 dote

67 2419 177 2480 uineas
195 2437 262 2481 eum
279 2419 340 2480 suis
358 2418 555 2500 appendiciis.
582 2413 724 2501 quicquid
741 2418 820 2480 ruris
843 2417 954 2480 cultum
977 2423 1008 2480 et
1031 2418 1183 2482 incultum.
1210 2418 1272 2482 llec

67 2530 174 2590 mutue
196 2526 368 2589 donationis
391 2527 554 2591 connentin
577 2525 742 2608 signatam
760 2545 876 2590 reensrn
900 2527 1045 2592 Elolririci
1066 2525 1158 2590 habet
1173 2531 1271 2590 testes

65 2637 198 2699 idoneos
214 2636 350 2719 presenti
367 2637 475 2719 pagina
493 2637 588 2720 script
589 2657 634 2698 os
658 2636 849 2700 Hortliebin.
866 2638 1044 2722 Epporocm.
1063 2636 1271 2701 Guntlcercm.

68 2721 223 2832 (lycum.
241 2765 277 2807 ea
291 2742 437 2808 uidelicet
448 2745 621 2808 conditione
634 2745 714 2808 facta
727 2750 759 2807 ut
771 2748 841 2826 post
853 2744 1060 2828 sollempniter
1074 2765 1165 2828 super
1178 2744 1273 2807 altare

67 2852 105 2916 S.
123 2853 219 2915 Marie
242 2851 460 2917 celebraretur.
487 2853 574 2935 Quod
595 2859 626 2919 et
649 2854 760 2916 tactum
785 2857 843 2914 est.
870 2851 962 2915 liuius
985 2851 1155 2914 traditionis
1177 2857 1272 2915 testes

65 2967 139 3026 suut
161 2962 280 3026 adsciti.
304 2959 412 3027 Roidol
407 2966 486 3072 fus.
497 2963 619 3028 Amolt.
586 2962 791 3027 llluluwo'c
811 2961 959 3026 Gondolt.
981 2962 1129 3112 Wolfloer.
1146 2961 1271 3048 Meqiu·

67 3071 158 3136 hort.
177 3070 259 3136 otte
276 3071 441 3136 Hartman.
460 3046 531 3136 0⁰da
533 3070 626 3136 tried.

633 3246 744 3318 cxvi.

163 3385 273 3449 Notum
295 3387 336 3449 sit
358 3385 476 3448 cunetis
499 3385 634 3449 ecclesie
658 3384 736 3448 tiliis.
766 3384 897 3468 qualiter
921 3386 1100 3472 [liupoldus
1125 3386 1272 3452 morelio

69 3495 161 3558 literis
178 3513 243 3578 que·
258 3497 337 3557 inter
359 3514 414 3558 nes
438 3499 470 3557 et
493 3493 576 3558 illum
599 3500 666 3558 erat
686 3497 731 3559 ad
753 3495 830 3560 θἰἰι
854 3493 1001 3558 deliniens
1020 3495 1060 3559 de
1076 3515 1132 3560 suo
1147 3496 1273 3560 adiecit.

66 3601 256 3684 tradiditque
273 3602 310 3664 ad
327 3601 422 3664 altare
439 3601 471 3665 S.
490 3601 585 3665 Marte
601 3603 754 3688 predium
773 3602 858 3690 quod
871 3609 1006 3667 uocatur
1021 3603 1184 3690 liupoldi..
1207 3603 1276 3668 Sed

66 3715 101 3776 et
125 3710 164 3774 de
187 3712 343 3774 adiacente
367 3711 442 3773 silua
466 3717 606 3795 quantum
630 3731 793 3776 economus
810 3712 875 3775 eius
893 3711 1073 3792 designauit.
1099 3713 1179 3775 idem
1203 3713 1272 3797 ipse

66 3819 106 3882 ad
132 3819 261 3882 eundem
286 3817 413 3903 tytulum
435 3818 600 3900 delegauit.
624 3818 719 3882 lluius
736 3822 779 3882 rei
796 3824 893 3882 testes
911 3824 1013 3882 extant
1034 3820 1077 3882 lri.
1100 3821 1270 3886 Ekkiricuo

65 3929 108 3993 de
135 3925 286 4011 cleoifcrio
314 3931 345 3989 et
371 3926 467 3989 trater
494 3926 562 3989 eius
589 3927 771 4010 lllrlflocous.
799 3927 975 3992 Hcicricuo
999 3926 1076 3990 tilius
1103 3929 1269 3994 [loduici.

67 4012 243 4102 ὀιιιιιιιι
260 4033 337 4096 rrius
354 4033 730 4120 capesseremne.
747 4035 1129 4102 ιιιιιιιιιιιιιιιιιιιιι.

606 4235 731 4309 Cllllll'.

157 4373 329 4440 Notandum
345 4393 468 4458 quoque
482 4377 516 4438 et
530 4371 588 4439 hoe
605 4374 775 4461 quibusque
792 4374 931 4440 fidelibus
955 4373 1035 4459 quod
1057 4374 1177 4459 quidam
1204 4398 1269 4442 oon

63 4483 217 4574 o'pnobilio
238 4483 292 4549 uir
317 4484 436 4547 nomine
450 4483 609 4548 Adollero
626 4483 667 4547 dc
682 4482 837 4548 Steudiac
859 4483 943 4547 dedit
958 4488 1022 4546 tres
1039 4501 1159 4548 mansus
1177 4503 1272 4568 super

63 4595 162 4659 altare
176 4593 210 4656 S.
226 4591 322 4655 llarie
334 4592 517 4675 potestatiua
530 4610 617 4654 manu
630 4591 688 4656 hoc
703 4592 734 4654 in
751 4591 819 4656 loco
836 4592 893 4656 deo
911 4591 1115 4657 seruientibus
1128 4594 1160 4656 in
1172 4613 1267 4658 usum:
