3076 5094
636 821 675 890 V.

52 1010 139 1070 1⁰09.
158 1011 184 1070 3.
204 1011 290 1083 bprll.
309 1011 381 1084 llam,
400 1011 439 1069 lm
456 1011 585 1070 lateran.
604 1041 640 1052 —
659 1013 739 1083 Papst
766 1011 855 1066 Urbau
877 1013 908 1066 ΙΙ.
937 1012 1027 1066 nirnmt
1049 1015 1096 1067 aul
1121 1014 1162 1068 dia
1180 1014 1251 1071 Bitte

53 1103 104 1156 des
126 1104 211 1156 Abtes
231 1104 369 1169 flammaue
395 1103 441 1156 das
460 1103 567 1156 Kloster
591 1101 725 1171 Gdttweig
743 1103 790 1156 mit
807 1103 904 1162 Allem,
932 1119 987 1156 was
1012 1104 1077 1157 dazu
1096 1105 1206 1176 gebbrt,
1224 1107 1250 1158 in

53 1193 160 1246 Schuta
179 1193 233 1246 und
253 1193 355 1246 Schirm
374 1193 421 1246 des
440 1193 635 1264 apostolischen
649 1193 773 1256 Stuhles3
794 1193 939 1262 bestttiget
958 1193 1108 1248 demselben
1128 1196 1177 1248 alle
1197 1194 1250 1250 bis·

52 1284 169 1352 herIgcn
188 1283 362 1352 Besitzungen
381 1284 435 1336 und
454 1285 577 1337 ferncreu
596 1284 801 1354 rechtmtssigen
815 1285 1020 1354 Erwerbungcn,
1039 1288 1177 1356 untersagt
1185 1285 1249 1354 jede

51 1375 282 1444 Reunruhigung,
307 1375 465 1444 Beraubung
482 1375 547 1428 oder
560 1375 732 1444 Reltstigung
745 1375 791 1428 des
805 1375 1012 1438 Gotteshauses3
1031 1377 1160 1429 verbietet
1189 1377 1249 1430 dem

50 1466 182 1519 Bischofe
210 1467 263 1519 und
290 1466 357 1519 Abte
382 1467 430 1520 das
455 1467 609 1536 Weggebcn
634 1466 682 1518 der
707 1467 864 1534 Stiltsgiiter
895 1465 961 1518 ohne
987 1465 1171 1536 Einwilligung
1202 1468 1250 1522 der

52 1557 185 1610 tesseren
209 1556 324 1618 Brtider3
349 1559 484 1627 gestattet,
504 1557 565 1610 dass
581 1557 648 1620 Alta,
670 1557 712 1610 die
732 1575 759 1610 es
773 1557 922 1628 verlangen,
942 1557 975 1609 da
989 1557 1122 1626 bagrabcn
1142 1559 1248 1612 werden

50 1647 176 1709 konnen,
196 1663 396 1716 ausgenommcn
416 1648 458 1701 die
477 1649 744 1712 Excommuntcirten3
764 1649 867 1701 erlaubt
886 1647 928 1700 die
941 1647 1085 1701 Auluahme
1104 1665 1154 1702 von
1166 1650 1247 1703 Laicn

52 1738 108 1790 und
120 1738 350 1812 Weltgeistlicbcn
363 1739 403 1792 ins
416 1739 534 1802 Kloster3
557 1739 697 1792 verordnet
709 1740 776 1792 uach
790 1739 848 1792 dem
855 1738 1028 1792 Hinscbeideu
1043 1739 1089 1793 des
1095 1739 1246 1809 jcweiligcn
1347 1744 1349 1747 ’

50 1830 141 1882 Abtes
163 1829 221 1883 eine
246 1829 320 1890 lreie,
347 1829 536 1898 ungchinderte
556 1831 632 1884 Wabl
651 1831 734 1884 durch
755 1830 796 1884 die
816 1829 1057 1900 Stiltsmitglicder,
1078 1838 1179 1900 gemtss
1200 1832 1248 1886 der

57 1921 147 1991 Roget
169 1920 217 1974 das
236 1921 262 1974 h.
281 1921 421 1984 Benedict;
448 1921 526 1974 droht
543 1921 620 1975 Allen
646 1937 731 1990 gagen
755 1921 829 1974 diese
852 1921 1063 1992 Bestimmungen
1082 1923 1250 1976 Handelnden

307 2011 353 2064 mit
371 2011 554 2066 Kircbenbann
573 2011 626 2064 und
646 2011 746 2080 ewigen
766 2011 872 2065 Straton
890 2031 916 2064 u.
935 2029 957 2064 s.
975 2029 1008 2064 w.

587 2159 721 2220 [anaginna]

151 2296 291 2360 Vrbanam
301 2295 480 2382 Episcopus
491 2295 608 2360 Scaeuo
620 2295 789 2359 Scaumatm
798 2295 861 2358 Dei
872 2293 1047 2360 Venerabili
1056 2296 1140 2362 Filio
1148 2299 1246 2362 Hart-

50 2427 173 2470 maaco
192 2406 415 2491 Gotepca‘peaai
430 2405 544 2470 Abbati
554 2407 693 2492 Eiusque
703 2403 943 2468 ¹Successoribao
954 2407 1157 2491 Repclcrioer
1167 2409 1245 2471 Pro·

51 2515 225 2579 monendas
238 2515 276 2578 ln
292 2516 489 2600 Perpetuam.
515 2512 567 2575 Pie
582 2513 740 2596 postulatio
758 2512 915 2575 uoluntatis
937 2513 1045 2574 effectu
1061 2513 1154 2578 debet
1174 2537 1247 2599 pro*

51 2630 208 2708 sequente
224 2623 386 2706 compleri,
404 2624 542 2708 quatinus
559 2627 590 2686 et
605 2622 779 2686 deuocionis
795 2621 956 2684 sinceritas
973 2621 1162 2686 laudabiliter
1179 2625 1245 2686 eni-

51 2737 173 2805 tescat,
198 2739 229 2794 et
254 2731 366 2796 utilitas
388 2733 535 2815 postulata
557 2731 638 2794 uires
662 2729 865 2794 indubitanter
886 2733 1025 2794 assumat.
1056 2730 1131 2812 Quia
1153 2733 1246 2814 igitur

50 2840 181 2904 dilectio
204 2844 254 2904 tua
280 2841 318 2903 ad
340 2841 420 2904 sedis
445 2840 609 2924 apostolice
632 2845 750 2923 portum
774 2839 968 2920 confugiens,
994 2839 1059 2902 cius
1079 2841 1241 2905 tuicionem

50 2949 224 3014 deuocionc
239 2947 340 3012 debita
355 2949 523 3033 requisiuit,
539 2951 602 3012 Nos
619 2948 830 3032 supplicationi
844 2952 895 3012 tue
912 2947 1076 3011 clementer
1089 2950 1243 3013 annuimus

50 3065 83 3122 et
93 3059 327 3145 Gotcpuipenae
337 3058 629 3135 monasteriam,cui
641 3057 892 3138 dominolauctore
904 3057 1053 3140 presides,
1070 3077 1137 3120 cum
1150 3061 1246 3122 omni-

49 3168 110 3232 bus
133 3166 173 3228 ad
194 3167 291 3248 ipsum
313 3167 550 3249 pertinentibus,
568 3168 624 3231 sub
640 3165 761 3230 tutelam
779 3165 944 3250 apostolice
961 3165 1044 3230 sedis
1068 3167 1244 3250 excipimus.

49 3277 114 3340 Per
124 3275 277 3358 presentis
290 3275 382 3356 igitur
393 3277 546 3362 priuilegii
559 3279 695 3362 paginam
709 3274 872 3358 apostolica
886 3275 1066 3338 auctoritate
1079 3277 1243 3350 statuimus,

49 3391 84 3449 ut
101 3402 282 3470 quecunque
297 3384 387 3447 hodie
402 3386 481 3448 idem
497 3387 653 3450 cenobium
669 3383 814 3470 possidet,
832 3384 895 3446 siue
912 3383 941 3444 in
964 3384 1095 3448 futurum
1116 3405 1243 3450 conces·

50 3495 142 3558 sione
166 3491 356 3575 pontificum,
378 3493 558 3559 liberalitate
574 3495 759 3578 principum,
776 3492 825 3556 uel
842 3491 992 3558 oblatione
1009 3493 1139 3556 fidelium
1162 3495 1240 3558 iuste

47 3609 145 3686 atque
172 3601 314 3664 canonice
337 3604 449 3685 poterit
474 3604 616 3688 adipisci,
641 3603 723 3667 firma
745 3602 799 3666 tibi
815 3601 934 3684 tuisque
958 3601 1184 3668 successoribus
1208 3609 1240 3668 et

46 3711 170 3776 illibata
185 3716 388 3794 permaneant.
405 3712 603 3788 Decernimus
621 3693 705 3794 ergo,
720 3717 752 3776 ut
767 3711 839 3776 nulli
857 3711 973 3774 omnino
985 3709 1137 3776 bominum
1153 3713 1243 3778 liceat

46 3821 133 3885 idem
157 3821 366 3884 monasterium
382 3825 498 3885 temere
513 3821 709 3905 perturbare,
723 3825 773 3884 aut
789 3822 854 3884 eius
877 3819 1087 3903 possessiones
1111 3823 1241 3896 auterre,

47 3929 101 3994 uel
120 3929 235 3994 ablatas
252 3930 393 4002 retinere,
409 3931 551 4006 minuere,
563 3931 612 3994 uel
628 3931 796 3994 temerariis
810 3928 1013 3992 uexationibus
1031 3929 1169 4012 fatigare,
1187 3931 1241 3996 sed

47 4039 151 4103 omnia
162 4039 281 4121 integra
295 4045 520 4117 conseruentur,
534 4060 634 4104 eorum
647 4059 703 4122 pro
715 4060 839 4124 quorum
852 4037 1071 4102 sustentatione
1084 4041 1114 4100 et
1125 4039 1240 4122 guber-

46 4149 173 4212 natione
190 4167 334 4212 concessa
351 4153 421 4212 sunt
440 4146 542 4214 usibus
565 4149 739 4212 omnimodis
757 4149 922 4232 profutura.
940 4147 1029 4211 Salua
1053 4147 1239 4230 patauieusis
1281 4232 1285 4240 ¹

47 4257 190 4342 episcopi
202 4259 346 4321 canonica
359 4260 546 4331 auctoritate,
566 4260 613 4322 cui
624 4261 724 4322 tamen
737 4259 854 4321 omnino
872 4278 929 4320 non
946 4257 1037 4321 liceat
1054 4256 1239 4322 exactionem

46 4367 181 4454 aliquam
190 4366 239 4452 uel
248 4367 504 4441 cousuetudinem,
516 4388 574 4452 que
586 4365 767 4448 regularium
780 4367 871 4450 quieti
883 4371 999 4439 noceat,
1013 4366 1161 4447 irrogare.
1174 4365 1239 4432 Nec

47 4476 195 4560 episcopo
213 4479 318 4550 autem,
336 4496 394 4540 uec
411 4475 511 4542 abbati
531 4477 598 4560 ipsi,
616 4496 671 4539 uec
688 4496 818 4560 persone
835 4476 923 4542 alicui
939 4476 1065 4540 facultas
1089 4474 1130 4538 sit
1147 4496 1238 4540 ceno-

46 4584 90 4648 bii
103 4582 182 4647 bona
192 4585 222 4646 in
233 4585 353 4648 feudum
363 4587 428 4649 siue
440 4585 618 4650 beneficium
631 4585 696 4648 sine
710 4605 859 4650 consensu
873 4585 1025 4648 meliorum
1035 4586 1157 4648 fratrum
1166 4607 1238 4670 per-

94 4722 192 4768 Fontcs.
209 4721 236 4765 X.
987 4710 1022 4764 17
