3094 5094
1218 405 1268 478 99

76 601 179 646 morare
207 585 238 644 et
263 582 434 646 Bortoldoo
456 583 495 646 de
518 587 616 646 terna.
641 580 830 646 Fmderioua
854 581 896 645 do
918 583 1070 646 oolnelde.
1094 582 1270 671 Meglopoz.

5 779 10 789 ο
75 689 254 755 Hortwiouo
276 687 452 777 Mopinyoa.

551 874 801 946 oconxxvul.

161 1016 344 1102 Eberqeraco
360 1015 448 1078 etiam
465 1013 584 1100 quidam
603 1013 718 1077 nobilio
737 1013 890 1096 delegauit
905 1033 997 1097 super
1013 1013 1106 1076 altare
1120 1013 1153 1076 S.
1172 1014 1270 1078 Maria

76 1121 247 1186 llathildam
264 1143 333 1185 oum
348 1122 417 1186 liliis
434 1127 464 1185 et
480 1121 599 1218 filiabus
615 1127 706 1204 atque
723 1123 802 1185 omni
814 1121 992 1206 posteritate
1009 1141 1072 1185 sua.
1090 1121 1128 1185 nd
1145 1141 1268 1186 sensum

71 1231 107 1294 'V.
131 1229 335 1295 denariorum.
369 1229 424 1296 Cui
448 1231 494 1294 rei
515 1229 716 1293 testificantur
742 1232 923 1297 Bortoldno.
951 1230 1054 1295 Siler.
1085 1231 1268 1296 Heinriooo.

75 1335 274 1404 counradus.

558 1523 780 1595 CCCLXXlX.

161 1661 272 1726 Notum
297 1663 422 1725 facimus
446 1662 584 1727 omnibus
608 1662 741 1726 eoolesie
762 1661 833 1726 filiis
855 1667 915 1726 tarn
931 1663 1067 1746 presenti
1084 1665 1164 1726 etate
1181 1683 1269 1747 quam

70 1771 169 1834 lutura
188 1771 316 1856 qualiter
333 1770 537 1834 ministerialis
551 1772 735 1854 patauiensis
749 1771 882 1836 ecclesie
895 1771 1024 1856 quidam.
1038 1771 1075 1834 N.
1088 1773 1271 1838 Hortwo'ona

70 1879 123 1942 sub
151 1856 305 1945 tldolrioo
330 1882 480 1966 episcopo
502 1878 691 1959 delegauerit
718 1900 811 1963 super
833 1879 929 1943 altare
953 1879 987 1943 S.
1012 1879 1107 1943 Mario
1134 1880 1270 1963 gotwioh

69 1987 208 2070 predium
225 2007 309 2050 suum
326 1987 407 2070 quod
424 1986 554 2050 habehat
569 1987 784 2074 Noppo‘ndorf.
803 1988 878 2052 XVI.
896 1988 1003 2070 iugera
1020 1993 1051 2053 et
1068 1988 1126 2053 duo
1144 1989 1269 2053 ourtalia

67 2102 218 2180 perpetuo
243 2097 309 2158 iure
327 2095 521 2159 subdendum
543 2097 572 2158 in
597 2117 669 2160 usus
693 2096 828 2166 fratrum,
854 2095 904 2159 hio
925 2095 1038 2179 iugiter
1055 2097 1112 2160 deo
1130 2097 1270 2160 seruien-

68 2204 158 2268 tibus.
184 2205 224 2267 ut
239 2205 298 2267 hoo
314 2203 484 2266 testimonio
501 2203 645 2268 firmatur.
679 2204 830 2270 Woltro‘olt
846 2205 886 2269 de
901 2205 1033 2270 nustria.
1056 2204 1213 2270 Woltlrere
1228 2206 1281 2272 de,

67 2314 174 2378 witero.
200 2313 364 2400 Norpretlr
380 2314 421 2377 de
432 2313 629 2399 yoainsdorf.
644 2313 878 2378 Korlomannno
895 2313 935 2377 de
950 2313 1113 2400 waproim.
1130 2315 1217 2378 Bono
1230 2315 1270 2378 de

66 2444 91 2484 a.
107 2422 244 2510 ypolito.
272 2422 353 2487 otto.
378 2422 564 2509 Sipifriduo.
590 2421 713 2485 Zoiano.
738 2421 849 2506 aliique
866 2441 952 2506 quam
970 2422 1083 2504 plures.

902 2544 1035 2616 (Explicit
1047 2543 1139 2600 Codex
1151 2543 1196 2616 Β.)

159 2655 301 2727 (Ultimum
321 2653 411 2707 folium
430 2651 537 2727 Codicis
550 2651 582 2706 A.
596 2651 701 2706 exhibet
720 2653 746 2705 in
766 2653 817 2706 fine
836 2653 950 2724 paginae
969 2652 1072 2707 antioae
1085 2651 1188 2707 nomina
1202 2653 1271 2708 llar-

65 2745 191 2798 ohionum
205 2746 233 2797 et
245 2744 345 2797 Ducum
360 2743 497 2806 niustriae,
516 2759 591 2796 manu
605 2743 687 2797 seouli
701 2744 766 2797 Xlll.
780 2743 880 2816 scripta
889 2742 913 2815 t)

158 2853 327 2936 Liuppldus
359 2854 503 2917 llarohio.
537 2853 696 2916 Heinrious
729 2853 875 2919 Marohio.
908 2853 1091 2918 adelbertus
1123 2853 1268 2918 Marohio.

63 2963 200 3026 Ernesto
217 2963 362 3026 Marohio.
389 2961 555 3043 Liupoldus
578 2959 723 3023 Marohio.
750 2961 913 3046 laiupoldus
938 2961 1084 3024 ltlarohio.
1110 2959 1269 3025 lleinrious

64 3069 134 3133 dux.
153 3068 322 3154 Liupoldus
335 3068 439 3156 (dux).
457 3068 631 3132 Friderious
649 3069 717 3132 dux.
737 3068 905 3154 Liupoldus
922 3070 991 3134 dux.
1008 3069 1184 3132 llriderious
1201 3069 1269 3132 dux.

63 3179 256 3242 Hermannus
274 3177 342 3242 dux.
360 3176 493 3254 Marohio
511 3177 549 3239 de
565 3176 673 3260 paden.
692 3175 860 3242 Otaoherus
878 3177 936 3241 (lux
953 3182 984 3240 et
994 3197 1048 3240 rex
1064 3177 1268 3240 bohemorum.

158 3307 207 3378 (ln
231 3303 334 3376 postica
360 3302 456 3374 pagina
480 3303 590 3374 scripsit
615 3301 706 3364 eadem
732 3319 823 3358 manus
848 3301 950 3356 Seriem
975 3303 1165 3374 Episcoporum
1189 3303 1270 3358 Pata-

64 3396 227 3468 triensium.)

160 3507 277 3572 Wiuilo
293 3505 543 3588 archiepiscopus
560 3524 662 3568 annos.
680 3503 791 3568 XXll⁰⁵.

156 3613 351 3679 Anshelmus.
370 3614 543 3697 episcopus.
561 3631 666 3676 annos.
685 3612 769 3677 Vllll.

155 3723 349 3788 Wislrarious
367 3721 539 3805 episcopus.
557 3739 662 3784 annos.
680 3718 770 3783 Vllll.

156 3832 352 3898 Walderious
369 3825 541 3914 episcopus.
559 3847 661 3892 annos.
679 3827 780 3890 XXlll.

155 3939 278 4006 Yrollus
296 3941 466 4025 episeopus.
485 3957 591 4000 annum
609 3955 708 3998 unum.

156 4049 247 4113 llatto
266 4039 438 4132 episeopus.
457 4063 559 4108 annos.
576 4043 616 4106 lll

155 4157 358 4239 Reginharius
375 4155 537 4239 episeopus
554 4172 658 4214 annos.
675 4145 754 4213 XXl.

156 4264 329 4330 llartwious
346 4264 508 4346 episeopus
525 4280 629 4324 annos.
646 4256 747 4320 XXVI.

156 4373 382 4438 Ermmanrious
398 4371 572 4453 episeopus.
591 4385 695 4430 annos.
714 4364 803 4429 Vllll.

157 4483 302 4548 Wiohino
318 4480 480 4563 episeopus
498 4495 606 4540 annum
622 4493 722 4537 unum.

157 4591 350 4673 Engilmarus
367 4587 539 4671 episeopus.
559 4603 664 4647 annos.
681 4581 742 4652 ΧΠ.
