3094 5094
1213 401 1263 476 89

66 575 215 658 mancipia
232 576 408 660 quedamin
424 575 631 641 manumuiri
651 576 786 658 inpendi
810 577 962 643 Troilum·
982 576 1150 660 deleganda
1172 577 1266 643 nichil

67 683 166 746 minue
186 703 252 768 -quo
273 685 341 768 ipse
364 683 501 766 petisset.
541 682 626 764 Quod
649 685 784 750 elidem
814 685 889 751 ieoit
912 684 1057 768 delegans
1086 685 1206 750 seilicet
1234 687 1267 749 in

66 811 171 855 manus
187 793 489 858 Hermanninobilia
504 793 578 857 uiri.
596 793 646 877 qui
662 795 844 876 potestatiue
859 793 965 858 eadem
980 793 1104 859 tradidit
1120 795 1156 857 ad
1171 795 1266 859 altare

67 899 98 963 S.
113 900 222 964 Marie.
248 901 375 986 quedam
401 921 456 984 pro
474 921 577 965 censu.
595 901 629 966 V.
648 901 835 967 denariorum
854 903 1016 968 annuatim.
1034 905 1162 987 quedam
1177 904 1268 966 mini·

67 1009 234 1076 sterialium
250 1011 326 1074 iure.
352 1010 418 1092 Quo
431 1016 463 1075 ut
479 1011 627 1095 perpetim
644 1013 822 1076 inconuulsa
837 1019 1044 1098 permaneant.
1067 1013 1155 1077 huius
1170 1012 1267 1076 tradi-

65 1119 159 1182 tionis
182 1123 280 1182 testes
305 1118 336 1181 hi
359 1121 447 1195 stant.
472 1119 651 1206 Rapinium
677 1124 827 1205 etfruter
849 1123 916 1186 εἰπε
944 1121 1092 1187 Waltlrer.
1120 1121 1266 1188 Trutlrer.

64 1227 175 1292 Arida.
193 1227 344 1294 Weloart.
357 1227 540 1293 lnuestiture
552 1227 741 1316 Repiuluart.
758 1231 906 1296 Trutder.
935 1231 999 1294 lieo
1022 1234 1091 1293 sunt
1109 1231 1267 1314 manoipia.

66 1336 235 1401 llartuuieh
252 1340 283 1418 et
299 1335 356 1400 due
373 1357 495 1400 sorores
512 1337 588 1401 eius.
614 1337 720 1402 Gisila.
746 1339 855 1404 Wirat.
880 1338 1115 1404 ministerialium
1132 1339 1207 1402 iure.
1234 1337 1269 1402 Si

66 1449 167 1507 autam
186 1445 283 1528 aliqua
301 1465 337 1509 ex
349 1445 396 1508 lnis
412 1447 444 1509 in
459 1445 686 1511 dissocietatem
708 1449 853 1532 nupserit.
878 1446 914 1525 V.¹
938 1446 1080 1510 denarios
1102 1447 1268 1529 persoluat.

67 1553 244 1638 Riehpurhe
262 1561 291 1618 et
306 1553 386 1619 lilius
404 1556 470 1619 eius
487 1555 655 1620 Odalrieus.
687 1555 838 1621 christina
863 1559 893 1620 et
915 1555 968 1618 lilii
989 1552 1152 1637 Reginmirt
1173 1555 1268 1620 Hioila

67 1681 159 1726 unum
176 1661 377 1748 quodeunque
394 1664 432 1727 oh
449 1683 581 1728 censum.
602 1663 636 1728 V.
654 1664 854 1729 denariorum.

599 1849 750 1922 CCOXL.

114 2037 120 2042 .
160 1984 270 2050 Notum
294 1987 334 2051 sit
358 1987 474 2052 eunetis
503 1987 637 2053 eoelesie
664 1987 743 2052 liliis.
768 1988 896 2074 qualiter
924 1986 1045 2072 quidam
1068 1986 1203 2052 elericos
1230 1986 1270 2051 de

64 2095 199 2180 familia
214 2093 241 2158 S
264 2095 425 2182 Stephani
439 2097 564 2160 nomine
579 2097 755 2162 Albudinus
771 2097 895 2161 tradidit
911 2116 1004 2180 super
1020 2093 1115 2159 altare
1129 2094 1161 2157 S.
1176 2093 1272 2157 Mario

68 2204 222 2289 quoddam
244 2205 445 2269 molendinum
467 2207 513 2272 ad
535 2206 674 2272 uuamoa
698 2207 796 2270 silum.
822 2206 860 2270 m
882 2206 914 2270 hi
938 2208 1034 2269 testes
1058 2223 1095 2267 ex
1114 2223 1196 2267 more
1213 2222 1271 2286 per

68 2333 173 2378 aurern
186 2317 256 2378 sunl
267 2313 405 2378 adtracti.
416 2313 646 2401 Mopinloordua
654 2319 795 2400 etfrater
804 2318 871 2382 mus
879 2315 1099 2382 Heidenrieua.
1113 2313 1270 2379 Durinola.

67 2424 327 2490 Marohworduo.
369 2423 498 2491 trolano
515 2427 555 2490 de
592 2425 777 2512 diuplmoiu.
812 2421 963 2490 Hartma‘it
993 2423 1034 2488 de
1062 2420 1270 2509 qoaiuiodorf.

67 2527 220 2622 Pilipra'm
235 2535 267 2598 e't
276 2535 386 2616 frater
397 2534 466 2598 eiua
481 2534 649 2620 Weripant.
669 2535 750 2599 Otto.
767 2535 895 2599 Riuuin.
912 2532 1071 2598 Melinum
1087 2529 1270 2628 Heiuripue.

68 2643 254 2706 lnuestitune
269 2643 482 2708 Heidemdoam
498 2647 528 2706 et
542 2641 781 2729 Mepiulrordas.

591 2827 756 2900 uccxul.

164 2963 233 3028 Alio
251 2986 370 3051 quoque
385 2970 521 3050 temporo
538 2967 621 3032 Mem
636 2966 811 3032 Albudinus
833 2965 988 3047 delegauit
1011 2984 1102 3048 super
1125 2963 1220 3026 altare
1237 2961 1270 3026 S.

71 3075 170 3138 Mar-ie
196 3075 313 3138 niueam
337 3095 425 3140 unam
450 3077 495 3142 od
518 3077 657 3141 Cremeai
678 3076 766 3137 sitam
788 3077 819 3136 et
843 3073 1022 3154 mancipium
1051 3070 1210 3154 quoddam.
1234 3069 1271 3132 N.

71 3185 183 3248 Wiral.
200 3185 266 3247 inre
283 3183 529 3248 ministerialium.
547 3183 595 3246 his
619 3181 748 3248 testibus
773 3183 925 3248 adhibitis.
948 3182 1119 3248 Bertolduo
1134 3184 1174 3247 de
1189 3181 1272 3268 piri-

72 3295 174 3359 doum.
203 3293 233 3356 T
229 3294 309 3358 mmo
324 3293 366 3358 de
385 3293 602 3359 Wnehiluria.
626 3291 758 3379 Edirpir
773 3297 804 3356 et
820 3291 871 3356 alii
888 3311 974 3377 quam
990 3290 1104 3375 plures.

591 3476 771 3548 cuuxmr.

38 3621 42 3627 '
167 3619 233 3682 lloo
250 3636 369 3702 qnoque
385 3622 486 3682 notum
511 3618 552 3680 sit
573 3618 688 3680 eunetis
711 3615 931 3700 quodquidam
956 3615 1002 3679 uir
1027 3615 1146 3678 nomine
1165 3616 1273 3680 Getes-

43 3794 47 3802 ,
76 3727 171 3794 calolo
188 3727 228 3791 de
249 3728 360 3792 Werdu
377 3726 500 3790 tradidit
523 3725 659 3809 predium
683 3745 767 3787 suum
793 3723 881 3808 quale
905 3727 972 3806 ipse
989 3721 1101 3785 ibidem
1117 3719 1222 3784 hahuit
1238 3721 1275 3784 ad

75 3837 171 3900 altare
197 3833 230 3896 S.
255 3832 349 3896 Mario
371 3836 401 3896 in
423 3855 508 3897 usum
533 3833 590 3897 deo
614 3833 664 3896 hie
685 3833 890 3896 seruientium.
915 3830 1008 3894 Huius
1031 3831 1078 3892 rei
1101 3833 1196 3892 testes
1218 3850 1276 3912 per

76 3963 180 4008 aurem
197 3947 267 4006 suut
284 3942 431 4007 adtracti:
445 3943 595 4008 Perdurt.
621 3943 761 4008 Gozwiu.
785 3943 939 4028 Dietpolt.
964 3940 1131 4004 Adollam.
1159 3940 1277 4004 Tierua.

80 4054 195 4119 llrlrut.
220 4050 401 4114 lnnestiture
419 4051 570 4116 Gonuoa‘n.

582 4234 776 4307 ccuxnssr.

166 4377 321 4443 Nouerint
336 4377 469 4440 uniuersi
486 4376 589 4439 matris
606 4374 727 4438 aeelese
745 4372 796 4436 lilii
813 4372 892 4458 quod
910 4371 1028 4458 quidam
1044 4372 1200 4458 inpensus
1214 4371 1277 4435 uir.

74 4491 197 4554 nomine
220 4487 435 4552 Heideerioua
458 4488 497 4550 de
520 4485 599 4550 Aaou
623 4483 778 4563 delegauit
800 4482 939 4564 predium
962 4479 1112 4564 quoddam
1137 4480 1225 4542 silum
1248 4479 1278 4540 in
1389 4545 1390 4548 Ἴ

71 4601 140 4666 loeo
157 4596 272 4666 Ρῦοήα
289 4594 401 4660 dietum
425 4614 516 4660 aeuus
532 4591 646 4657 erlalta
669 4590 863 4675 presentibus
881 4591 959 4676 filiis
980 4589 1057 4654 suis.
1076 4609 1168 4672 super
1184 4587 1279 4652 altare
