3094 5094
543 641 772 718 OOGXLVlll.

152 784 262 850 Notum
280 785 320 848 sit
335 785 451 850 cunctis
468 790 528 850 tam
544 781 739 868 presentibus
754 801 842 868 quam
858 780 976 844 futuris.
993 776 1123 862 qualiter
1139 773 1259 860 quidam

67 893 217 980 inportuna
232 893 332 959 temo.
350 895 390 960 N.
407 893 588 981 Radiqerce
603 911 670 956 cum
687 911 774 956 manu
790 890 906 956 neom}
920 909 977 954 aare
992 886 1158 972 Imparde
1173 883 1260 950 dele·

65 1001 144 1083 gauit
159 1001 298 1084 predium
314 1021 401 1066 suum
416 1002 491 1066 duas
507 1001 627 1066 scilicet
643 1002 747 1064 uineas
760 999 838 1084 apud
849 999 1068 1086 Pocinantera
1080 996 1155 1060 sitas
1167 1013 1259 1077 super

65 1107 155 1172 altare
177 1107 212 1171 S.
234 1109 332 1173 ldarie
353 1129 389 1173 ea
413 1108 596 1173 conditione.
617 1113 651 1172 ut
672 1107 790 1174 illorum
812 1108 984 1193 quicunque
1006 1105 1069 1168 uita
1092 1103 1260 1169 excesserit

64 1217 210 1300 primitus,
225 1221 289 1281 tum
305 1237 423 1303 quoque
439 1218 528 1283 uinea
542 1237 599 1282 una
613 1216 702 1282 cedat
711 1217 867 1282 iratribus.
891 1215 966 1278 Post
978 1213 1131 1277 amborum
1145 1211 1259 1274 obitum

65 1329 188 1411 utraque
204 1326 294 1390 uinea
317 1330 456 1390 maneant
479 1325 625 1392 fratribus
650 1326 700 1391 hic
722 1325 781 1390 deo
802 1322 1017 1391 seruientibus.
1044 1320 1138 1386 lluius
1162 1318 1259 1384 tradi-

61 1435 149 1498 tionis
165 1439 265 1499 testes
280 1455 340 1519 per
352 1455 454 1500 aurem
476 1441 545 1500 sunt
568 1436 599 1499 hi
618 1435 756 1500 adtracti.
780 1433 971 1501 llartuniclr.
994 1430 1211 1498 Hartmannur
1227 1432 1261 1494 et

57 1543 118 1627 fitis·
130 1544 202 1609 eius
216 1541 523 1612 meretricemne.
547 1545 743 1634 Enqr'lprelrt
765 1546 805 1618 dc
824 1565 890 1610 ror.
914 1541 1121 1608 nonencort.
1144 1538 1258 1606 Adule.

62 1652 163 1717 Zeira.
188 1654 355 1738 Budolfos.

567 1838 761 1914 GCOXLlX.

146 1977 258 2044 Notum
283 1979 324 2043 sit
346 1978 463 2044 cunctis
481 1975 595 2044 Christi
617 1979 764 2062 sanguine
787 1977 955 2062 redemptis
976 1973 1056 2060 quod
1072 1975 1201 2064 qnidam
1217 1974 1260 2042 da

55 2088 183 2172 familia
204 2108 230 2152 a.
253 2087 420 2176 Stephani.
445 2086 483 2152 N.
507 2088 695 2177 Piliqrimua
720 2085 847 2151 tradidit
872 2105 965 2170 super
990 2084 1084 2149 altare
1110 2084 1143 2150 S.
1162 2083 1259 2148 llarie

58 2197 209 2278 quoddam
224 2197 414 2281 mancipium.
431 2197 468 2264 N.
488 2195 622 2262 Chuurat
638 2217 706 2261 cum
727 2194 799 2260 tiliis
823 2197 897 2260 suis.
914 2195 953 2260 alr
970 2212 1094 2260 censum
1110 2193 1144 2258 V.
1162 2193 1258 2258 dena·

57 2305 168 2370 riorum
187 2307 339 2370 annuatim
361 2305 538 2372 soluendum
562 2305 610 2370 his
634 2306 779 2372 adhibitis
803 2304 944 2371 testibus.
980 2303 1140 2393 Weriqont
1151 2304 1259 2388 frater

58 2414 199 2480 eimdem
213 2417 250 2481 P.
267 2415 371 2480 Zeira.
399 2417 481 2481 Otto.
504 2415 692 2503 diepoldus.
749 2509 752 2515 Ι

598 2601 722 2673 CCCL.

146 2738 258 2803 Notum
274 2740 314 2804 sit
330 2742 409 2804 omni
432 2742 564 2806 ecclesie
588 2741 666 2827 quod
691 2742 749 2807 duo
763 2743 912 2830 permanat
922 2745 1053 2828 fratrea.
1070 2739 1257 2807 Nantwicus

57 2853 87 2912 et
105 2849 189 2914 Otto.
207 2849 347 2932 predium
363 2871 449 2914 suum
465 2849 653 2918 tradiderunt
669 2872 762 2935 super
777 2851 873 2916 altare
890 2851 923 2915 S.
936 2850 1041 2914 llarie.
1058 2849 1094 2914 V.
1107 2847 1256 2913 beneficia

56 2961 85 3020 ct
101 2956 286 3022 dominicale
301 2963 371 3042 post
387 2959 500 3023 obitum
517 2979 603 3022 sunm
620 2961 657 3024 ad
673 2961 877 3046 Plintindcrf
891 2981 926 3024 oa
948 2960 1068 3025 scilieet
1091 2957 1208 3022 ratione
1224 2961 1257 3022 ut

54 3065 80 3128 si
109 3064 224 3150 aliquis
251 3067 435 3152 propinquus
461 3068 595 3152 ipsarum
623 3068 689 3134 illut
715 3069 865 3134 redimere
892 3067 993 3134 uellet.
1023 3067 1112 3132 XXX.
1138 3085 1256 3132 marcas

54 3173 150 3238 daret.
177 3173 266 3238 Vnde
282 3196 321 3240 ue
337 3175 396 3240 ulla
413 3176 611 3244 contradictio
627 3175 666 3240 de
682 3177 740 3240 hoc
756 3180 786 3241 in
805 3183 958 3262 posterum
983 3178 1124 3241 oriretur.
1141 3196 1255 3260 preno-

55 3284 186 3347 minatus
205 3284 277 3349 Otto
293 3282 505 3350 ierosolimam
520 3287 623 3353 durus
638 3287 673 3351 in
686 3288 809 3374 placito
824 3287 945 3358 domini
955 3283 1154 3371 L.(iupoldi).
1170 3305 1257 3350 mar·

55 3390 182 3457 alana
198 3391 258 3455 hoc
273 3393 354 3457 idem
371 3393 567 3460 denuntiauit.
588 3401 619 3458 et
630 3402 789 3480 presentes
811 3397 931 3459 fuerunt
945 3395 1136 3460 Adultertua
1156 3394 1256 3459 aduo-

53 3507 155 3566 cntca.
187 3500 508 3570 leudoneram
539 3505 580 3570 de
602 3505 729 3592 picqtn.
754 3504 866 3570 Emist
892 3504 933 3568 de
960 3503 1097 3569 adalind.
1130 3503 1202 3567 Otto
1226 3504 1257 3564 et

47 3609 175 3692 flames
190 3609 261 3675 er'ara
275 3611 316 3675 de
330 3610 503 3677 mneklcnt.
529 3613 640 3678 Gerolt
656 3615 697 3678 de
710 3615 840 3680 Elacrn.
867 3612 1003 3678 cloden
1017 3613 1057 3676 de
1073 3611 1254 3695 oklcilsdorfi

55 3718 214 3784 waleton
230 3723 261 3782 ot
271 3721 379 3804 (later
393 3720 462 3787 eiua
479 3720 680 3788 Cdnnrados.
704 3721 841 3806 Stat-frit
864 3727 894 3785 et
915 3721 1011 3785 ceteri
1024 3717 1255 3805 quamplurimi.

593 3908 730 3980 occul.

144 4045 235 4106 Anno
260 4043 297 4107 ab
326 4045 533 4110 incarnatione
560 4045 682 4110 domini.
710 4045 783 4110 llill.
814 4044 988 4112 C.XXX.l.
1009 4043 1185 4109 indiccione
1205 4043 1255 4108 lX.

51 4150 216 4235 liudolfus
232 4153 483 4240 archipresbiter
498 4155 635 4238 predium
653 4175 737 4218 suum
754 4155 834 4220 iuxta
853 4153 1054 4241 Wolnispcelc
1069 4153 1100 4215 in
1121 4152 1188 4216 loco
1205 4153 1256 4236 qui

52 4265 184 4324 uocatur
197 4259 235 4322 ad
249 4261 456 4328 cdirclsatetin
469 4263 624 4346 delegauit
635 4264 673 4327 ad
686 4263 781 4328 altare
794 4263 827 4328 S.
842 4263 945 4327 llario.
962 4266 1030 4346 post
1043 4261 1157 4326 obitum
1169 4281 1255 4324 suum

52 4369 191 4432 seruicia
216 4369 343 4432 fratrum
368 4373 546 4437 cedendum.
564 4393 599 4437 aa
619 4373 765 4438 uidelicet
782 4375 953 4438 conditione
970 4375 1002 4434 ut
1015 4369 1109 4459 (acc)
1128 4391 1256 4454 presens

49 4475 146 4540 abbas
164 4496 225 4541 nec
241 4479 398 4563 quisquam
415 4501 628 4547 successorum
645 4503 766 4547 suorum
785 4485 965 4566 potestatem
982 4480 1094 4544 habeat
1116 4479 1256 4563 cuiquam

49 4585 117 4652 illut
133 4587 168 4651 in
185 4586 368 4654 beneficium
389 4592 546 4676 prestandi
569 4591 618 4656 uel
640 4591 852 4660 commutandi.
885 4589 970 4676 Quod
993 4591 1020 4662 si
1042 4589 1102 4660 tna
1126 4587 1256 4664 conditio
