3122 5096
637 641 745 714 CChl.

176 757 327 822 Nouerint
339 760 474 822 uniuersi
485 757 617 823 ecclesie
629 761 683 826 lilii
696 759 1003 844 qualiterHeinricaa
1017 781 1118 825 comeo
1130 759 1164 823 in
1176 765 1285 824 extre-

87 866 145 930 mis
154 867 297 952 poeitae.
315 865 502 948 delegauerit
517 887 651 932 mansum
673 889 763 934 unum
790 915 966 932 ......
993 870 1023 930 in
1042 887 1160 930 manum
1175 867 1286 932 militie

86 975 137 1039 eoi
154 975 292 1040 Ottonio.
319 973 519 1056 delegandum
536 977 574 1040 ad
591 975 685 1041 altare
702 977 734 1040 S.
753 975 857 1039 Maria.
884 996 939 1060 pro
956 975 1090 1038 remedio
1107 975 1204 1038 anime
1220 996 1285 1039 suc.

87 1087 117 1145 et
132 1083 163 1146 hi
181 1083 212 1145 in
224 1083 429 1146 testimonium
442 1088 510 1148 sunt
521 1084 654 1149 adducti.
670 1085 877 1150 Codetarduo
885 1087 992 1168 frater
1000 1083 1144 1170 predicti
1153 1084 1284 1149 comitis.

90 1192 319 1257 Wcrinhurdua
341 1192 382 1256 de
403 1191 544 1258 lalbacla.
574 1187 765 1258 Adultertua
789 1194 829 1256 de
853 1191 1048 1256 Stomideim.
1079 1193 1284 1280 Compoldoa.

87 1300 331 1388 Mepinhardua.
358 1299 443 1381 Quod
467 1305 498 1363 et
519 1301 559 1364 ita
577 1305 731 1384 peractum
750 1305 797 1364 est
813 1299 851 1362 ah
867 1301 975 1364 codem
993 1301 1115 1364 Ottonc.
1140 1299 1286 1381 delegans

87 1408 209 1473 scilicet
226 1429 320 1492 super
336 1409 429 1471 altare
453 1408 486 1470 S.
504 1408 608 1471 Marie.
640 1408 734 1472 Huius
752 1407 942 1489 allegationis
958 1412 1054 1470 testes
1070 1406 1101 1469 hi
1118 1407 1286 1471 adstabant.

88 1518 261 1604 Bepinpcr.
276 1517 362 1602 filine
388 1516 572 1603 chinpcra‘.
604 1516 675 1580 Otto
697 1518 738 1580 dc
758 1517 939 1599 Loutodorf.
969 1517 1093 1580 Bertolt
1117 1517 1157 1580 de
1178 1516 1283 1579 lucido.

89 1625 251 1691 Dictrich.
284 1625 491 1690 Marchwort.
524 1625 662 1690 Pcrnolt.

624 1809 747 1882 CChll.

173 1933 285 1994 Notum
314 1931 354 1992 sit
381 1935 497 1994 cunctis
526 1931 666 2014 preciosa
689 1929 803 1994 Christi
826 1935 921 1995 morte
950 1913 1126 2013 redemptis.
1155 1931 1284 2014 qualiter

84 2039 204 2123 quidam
222 2038 320 2102 libere
336 2037 516 2102 conditionis
533 2039 622 2103 homo
644 2038 792 2104 uocabulo
812 2039 970 2104 Wlihalm
983 2059 1049 2102 cum
1066 2059 1154 2102 manu
1169 2039 1284 2102 omorio

86 2157 116 2213 ct
126 2149 191 2233 filit
206 2148 255 2211 sui
271 2146 426 2228 delegauit
440 2147 577 2230 predium
595 2169 680 2210 suum
697 2148 734 2211 ad
754 2147 1048 2233 llhldprchtiedorf
1056 2147 1085 2207 in
1098 2167 1201 2209 manus
1218 2147 1285 2210 uiri

86 2255 217 2344 iaperaui
244 2255 371 2321 Vrliach
394 2256 476 2318 dicti.
500 2254 701 2336 delegandum
725 2255 915 2318 nihilominus
939 2253 975 2316 ad
999 2253 1094 2316 altare
1119 2253 1152 2316 S.
1178 2253 1283 2316 lllarie.

86 2363 290 2427 molendinum
306 2363 450 2427 uidelicet
474 2383 541 2427 cum
558 2363 759 2445 appendiciis.
788 2367 819 2426 et
835 2363 890 2424 11¹³.
908 2365 1023 2424 uineas.
1047 2365 1078 2423 et
1095 2362 1238 2444 quicquid
1254 2362 1283 2423 in

86 2471 191 2535 eodem
204 2470 273 2535 loco
286 2471 399 2535 hahuit.
414 2475 542 2554 excepto
556 2471 635 2556 quod
644 2472 773 2556 filiabus
785 2470 947 2534 distribuit.
964 2471 1058 2552 Quam
1072 2465 1282 2551 allegationem

84 2580 239 2663 predictus
268 2580 392 2646 Vrliaclt
413 2585 446 2643 ut
467 2583 592 2660 rogatus
617 2583 683 2642 erat
705 2600 797 2662 super
819 2579 913 2642 altare
938 2578 970 2641 S.
988 2577 1083 2642 Maria
1105 2577 1282 2658 assignauit.

86 2693 116 2750 et
137 2687 194 2752 hos
222 2707 280 2772 per
307 2709 409 2752 aurem
433 2687 464 2750 in
490 2687 693 2750 testimonium
710 2687 848 2750 adsciuit.
884 2687 1075 2752 Wolthcram
1087 2687 1128 2750 dc
1143 2685 1279 2750 treisma.

85 2797 239 2862 Hartman
255 2797 296 2861 de
312 2797 513 2862 haotioheim.
530 2796 662 2860 Bertolt.
681 2795 867 2884 Erchinpcr.
885 2795 1062 2860 Hortooich.

614 2999 753 3071 CChlll.

170 3121 281 3184 Notum
299 3121 340 3184 sit
357 3122 473 3184 eunetis
490 3117 604 3182 Christi
619 3119 759 3184 fidelibus
777 3121 856 3206 quod
874 3121 993 3204 quidam
1010 3121 1165 3207 iopcooua
1178 3120 1278 3184 homo.

86 3229 123 3294 N.
139 3231 236 3318 Eppo
249 3231 289 3294 de
299 3229 505 3316 Staphilurin
517 3228 642 3292 tradidit
655 3228 691 3290 ad
705 3229 799 3292 altare
813 3228 846 3291 S.
860 3228 954 3292 hiarie
968 3229 1122 3292 dimidium
1134 3247 1278 3292 mansum.

80 3339 228 3424 predicto
245 3340 312 3403 loco
329 3338 518 3424 coatipuum.
534 3335 627 3399 Huius
644 3338 691 3400 rei
705 3340 801 3399 testes
813 3341 923 3400 extant.
939 3339 1094 3402 Hartman
1105 3339 1146 3402 dc
1158 3337 1280 3402 huntio·

86 3443 175 3510 heim.
192 3447 320 3510 Bertott
334 3446 375 3510 dc
390 3445 495 3508 hetdo.
518 3443 675 3509 Dictrich.
693 3445 900 3510 Morchwort.
918 3447 1041 3511 Aroolt.
1058 3448 1156 3511 Bora.
1181 3445 1281 3512 Wezil.

83 3553 247 3619 Heinrich.

612 3685 752 3756 CCLlV.

169 3785 341 3870 Notandum
364 3807 405 3868 sit
428 3805 544 3869 cunctis
569 3803 681 3868 Christi
707 3807 855 3888 sanguine
877 3807 1053 3890 redemptis.
1082 3806 1160 3890 quod
1188 3805 1279 3870 horno

84 3914 237 4000 iopcnauo
252 3915 366 3980 Erniet
377 3915 418 3979 dc
430 3914 571 3978 chiuliah
584 3924 650 3976 cum
662 3933 750 3977 manu
763 3915 875 3980 matria
887 3936 944 3978 oue
956 3914 1115 3980 Christine
1127 3913 1280 3996 delegauit

85 4041 172 4103 super
196 4021 294 4084 altare
323 4021 356 4084 S.
380 4020 476 4084 Maria
510 4021 567 4084 duo
591 4021 740 4086 beneficia
764 4021 801 4084 ad
834 4021 1087 4106 Vachilioiedorf
1106 4043 1162 4106 pro
1185 4022 1280 4085 anima

81 4130 193 4212 fratris
208 4129 262 4194 sai
275 4129 423 4194 Dictra'ci.
441 4129 578 4192 adiciens
595 4134 627 4194 et
642 4129 692 4194 uie
705 4130 862 4194 transitum
874 4128 971 4193 libere
983 4129 1094 4192 nostris
1108 4129 1279 4194 hominibus

85 4257 138 4319 per
151 4239 257 4321 predia
275 4257 339 4301 sua.
357 4237 528 4322 ubicunque
545 4237 573 4300 ai
590 4243 693 4302 essent
709 4238 861 4318 contigua.
880 4237 911 4300 ln
929 4258 986 4321 qua
999 4238 1160 4302 traditione
1176 4237 1279 4302 idonei

84 4349 175 4410 testes
192 4344 360 4408 adstabant.
392 4347 548 4431 Itadolfua
570 4347 610 4410 de
633 4347 740 4433 herpo.
770 4347 801 4408 et
821 4346 908 4430 filiae
924 4347 992 4410 ciac
1006 4346 1173 4411 Adolrom.
1208 4348 1279 4411 Otto

86 4455 124 4518 de
138 4454 338 4541 leropioboclz.
363 4461 394 4520 ct
411 4459 518 4539 frater
539 4455 607 4519 eiua
622 4454 814 4519 Hortwicuo.
844 4453 939 4518 Pado.
963 4454 1131 4519 Eberhard
1155 4456 1275 4540 Poppo.

88 4564 251 4630 dterhart.
275 4561 396 4628 Amolt.
