3122 5096
1230 344 1280 413 23

86 516 236 582 Gisilhere
253 520 285 580 et
300 537 374 582 uxor
391 517 457 580 eius
473 516 590 598 lingiza
613 523 644 582 et
667 516 721 582 tilii
744 537 847 582 eorum
872 517 1014 582 Ehhirich
1037 517 1164 600 Wigant
1188 515 1282 580 Gisil-

19 637 22 640 '
85 626 167 688 herc.
186 625 296 690 Manile
309 631 340 690 et
356 645 429 688 uxor
445 627 511 688 eius
528 625 669 707 Meginza
687 631 716 690 et
733 623 786 690 filii
803 647 916 690 eorum.
942 626 1063 690 blazilie
1079 646 1146 690 cum
1163 625 1281 689 filiabus

86 734 147 798 eius
168 733 212 798 lta
229 733 329 797 Otilia.
353 731 473 797 Perwin
496 738 527 797 et
548 731 625 797 filius
651 733 716 797 eius
740 733 933 816 Engilbertus
957 753 1026 797 cum
1049 731 1109 798 lilia
1135 732 1279 797 Chuniza.

83 841 154 904 ltenr
180 840 256 906 alius
277 841 484 924 Eugilbertus.
511 839 655 907 Chazilie.
677 843 781 906 Heillra
804 847 835 906 et
856 843 936 906 filius
961 843 1025 906 eius
1042 839 1144 906 hribo.
1171 839 1276 906 Gisila.

82 949 242 1031 lrmingart
257 956 287 1015 et
303 951 384 1015 filius
401 951 465 1014 eius
480 951 639 1014 Walthere
653 971 718 1016 cum
732 951 793 1015 filia
805 949 958 1015 Richlrart.
977 952 1096 1015 elalius
1110 949 1278 1014 Walthere.

83 1055 243 1123 christina.
274 1061 368 1125 Huius
395 1060 565 1123 traditionis
588 1059 713 1124 adhibiti
738 1065 809 1124 sunt
829 1064 935 1124 testes.
964 1060 1131 1125 Pcrabort.
1160 1059 1279 1124 Soello.

81 1169 269 1255 Repinbart.
290 1171 371 1234 Otto.
390 1169 553 1234 Hcrimcc.
572 1170 689 1234 bocco.
709 1170 890 1235 Willibolm.

600 1389 769 1460 LXXVIII.

170 1536 321 1600 Nouerint
338 1557 442 1600 omnes
459 1542 564 1602 sancte
577 1537 711 1602 ecclesie
727 1537 844 1601 fideles.
868 1537 997 1622 qualiter
1013 1535 1134 1621 quidam
1150 1537 1280 1603 March·

80 1648 207 1711 mardos
222 1651 331 1728 rogatu
347 1646 459 1710 domini
477 1647 637 1712 consilini
655 1647 833 1734 presbiteri
851 1647 1011 1711 nobiscum
1033 1647 1067 1710 io
1086 1648 1278 1711 monasterio

79 1755 142 1819 iam
163 1755 318 1841 degentia.
350 1755 473 1818 tradidit
497 1755 553 1818 tria
577 1755 723 1839 mancipia
748 1753 937 1819 Starcbman.
972 1753 1119 1818 Dietmar.
1156 1755 1277 1818 Rertba.

79 1861 116 1924 ad
149 1861 244 1926 altare
273 1862 306 1925 S.
333 1861 428 1926 Mario
462 1883 528 1946 pro.
567 1863 602 1927 V.
631 1863 762 1926 denariis
791 1864 941 1926 annuatim
977 1861 1141 1925 soluendis.
1184 1860 1277 1926 Huius

77 1969 247 2033 traditionis
280 1969 406 2033 adhibiti
438 1978 508 2034 sunt
539 1974 645 2034 testes.
673 1970 840 2035 Parabart.
870 1971 932 2035 loo.
964 1969 1125 2035 Wcimuo.
1154 1965 1276 2036 Alricb.

76 2079 284 2144 Murcbwcrt.

609 2265 748 2334 LXXlX.

166 2415 293 2478 Nouerit
315 2414 494 2476 uniuersitas
513 2412 628 2476 Christi
651 2411 784 2476 fidelium
806 2417 866 2476 tam
887 2413 1073 2497 presentium
1098 2418 1161 2477 etas
1186 2435 1275 2499 quam

76 2523 306 2585 succedentium
328 2521 428 2584 futura
450 2523 623 2603 posteritas.
651 2520 781 2605 qualiter
805 2522 924 2605 quidam
953 2517 1098 2609 thtper
1123 2520 1277 2604 delegauit

75 2629 225 2713 quoddam
248 2629 431 2713 mancipium
454 2629 614 2710 irmingart
637 2629 675 2693 ad
698 2629 793 2694 altare
816 2629 849 2693 S.
872 2629 968 2693 lllarie
993 2650 1058 2713 pro.
1082 2628 1117 2692 V.
1142 2629 1276 2693 denariis

75 2740 228 2803 aunuatim
246 2738 410 2802 soluendis.
435 2738 620 2821 subiungens
638 2739 715 2801 hauc
733 2741 822 2803 etiam
840 2737 1052 2802 conditionem.
1077 2743 1110 2800 ut
1132 2738 1158 2802 si
1180 2741 1276 2802 statu·

74 2850 134 2910 tum
155 2849 433 2927 transgrederetur.
459 2849 615 2912 seruitutis
638 2843 739 2911 debito
763 2847 960 2928 obligaretur.
988 2846 1082 2908 Huius
1105 2846 1275 2910 traditionis

76 2955 204 3020 adhibiti
222 2961 291 3020 sunt
306 2960 413 3020 testes.
432 2958 531 3022 Brun.
553 2958 650 3022 θήγῃ.
667 2958 744 3021 Eho.
763 2957 895 3020 Bertolt.
913 2955 1042 3020 hiotolt.

615 3159 738 3229 LXXX.

165 3307 278 3372 Notum
301 3308 341 3372 sit
363 3308 480 3372 cunctis
499 3305 611 3371 Christi
634 3327 746 3390 sponse
768 3303 848 3369 liliis.
873 3306 1003 3391 qualiter
1023 3305 1142 3390 quidam
1165 3305 1276 3394 Poppo

75 3437 140 3479 cum
165 3437 261 3480 uxore
285 3437 337 3479 sua
361 3418 494 3482 niliaca
516 3416 641 3482 tradidit
662 3435 751 3478 unum
767 3418 946 3499 mancipium
965 3414 1001 3479 ad
1019 3415 1113 3479 altare
1130 3415 1161 3478 S.
1180 3415 1276 3480 Mario

75 3526 122 3587 cui
144 3522 326 3587 uocabulum
354 3529 402 3587 est
417 3524 541 3588 Volrath
566 3524 729 3588 cottidiane
747 3525 905 3588 seruitutis
923 3543 1017 3609 penso
1035 3521 1274 3606 mancipandum.

75 3633 168 3704 Huius
205 3630 375 3694 traditionis
407 3637 503 3696 testes
540 3627 667 3696 adhibiti
706 3636 775 3696 sunt
806 3632 879 3696 satis
911 3633 1021 3697 idonei.
1065 3633 1163 3697 Grim.
1197 3635 1273 3699 Eoo.

74 3743 246 3807 Adolbcro.
263 3743 395 3808 Bertolt.
412 3743 578 3831 Apolbcro.
596 3743 794 3807 hlamtnbort.

609 3945 747 4016 LXXXI.

164 4095 279 4159 Notum
301 4093 343 4156 sit
364 4093 503 4158 omnibus
525 4093 676 4158 catholice
700 4097 802 4159 matris
823 4093 957 4160 ecclesie
973 4091 1123 4158 fidelibus.
1147 4093 1276 4180 qualiter

74 4204 197 4289 quidam
219 4203 401 4268 btcdiwicco
421 4203 545 4267 tradidit
568 4203 638 4267 llllt'
661 4205 819 4288 mancipia.
844 4205 993 4268 heriman.
1017 4203 1161 4287 hdalgoz.
1186 4201 1274 4267 Hirc-

75 4313 181 4397 purch.
201 4310 315 4376 Judila.
330 4311 366 4374 ad
380 4313 474 4377 altare
487 4314 520 4377 S.
534 4313 628 4377 Mario
640 4333 695 4396 pro
709 4319 852 4378 consueta
867 4333 976 4377 census
990 4312 1147 4376 solutione.
1163 4334 1275 4376 annua-

74 4420 125 4486 tim
143 4417 304 4483 solueuda.
330 4419 422 4484 Huius
439 4420 610 4484 traditionis
621 4421 786 4486 introducti
802 4426 870 4485 sunt
885 4425 993 4485 testes.
1013 4421 1111 4486 Grim.
1131 4421 1273 4510 Otbpolt.

75 4529 218 4616 Licpolt.
235 4522 412 4613 stuprata.
430 4529 548 4595 Suello.
568 4532 702 4596 Gerunc.
