3074 5094
581 634 703 704 XXXV.

68 789 133 848 llll.
157 789 324 862 (salzburg.)
343 821 377 830 -
396 790 449 845 Der
474 790 569 852 besan,
598 790 646 844 der
673 787 877 843 Schatzmeister
900 789 954 842 uud
982 789 1030 842 der
1058 787 1155 842 Cantor
1183 789 1231 842 der

66 882 211 952 Salzburger
229 881 325 936 Kirehe
350 881 459 934 macheu
488 882 547 935 dern
570 881 639 934 Abte
666 881 719 934 und
739 879 872 936 Converte
898 898 930 932 nu
952 879 1083 950 thtwcig
1108 880 1231 940 bekannt,

66 971 118 1026 dass
135 972 171 1025 sio
189 991 246 1027 vom
265 973 361 1044 Papstc
380 972 484 1042 Gregor
503 973 545 1025 IX.
564 971 715 1044 beanftragt
736 972 819 1033 scien,
844 971 886 1026 die
907 971 949 1026 bei
967 971 1018 1026 ihm
1037 973 1229 1043 vorgebracbtc

65 1061 200 1132 Xlagsacbc
227 1063 275 1117 des
302 1063 385 1116 Abtes
413 1080 462 1116 von
488 1062 540 1116 llot
567 1078 653 1133 gegeu
681 1061 814 1131 Gdttweig
839 1061 946 1114 betreffs
973 1061 1072 1132 einiger
1098 1063 1231 1138 streitiger

63 1151 229 1222 Besitzuugeu
250 1171 281 1207 nu
303 1152 487 1206 untersueneu
501 1152 555 1206 und
575 1151 737 1206 schliesslicb
752 1170 784 1205 cu
806 1151 983 1205 eutsclreideu.
1011 1152 1064 1206 Der
1081 1152 1133 1207 dbt
1155 1160 1230 1224 mdge

64 1242 173 1298 dessbalb
197 1262 245 1298 zur
273 1243 494 1312 Verantwortuug
524 1260 565 1297 arn
593 1244 637 1298 23.
653 1241 721 1299 ¹luni
749 1242 882 1296 entvveder
903 1243 986 1296 selbst
1007 1245 1074 1298 uach
1101 1245 1231 1314 Salaburg

193 1337 313 1390 lrommau
335 1335 400 1388 oder
423 1335 499 1388 eiueu
517 1333 762 1402 bavollmtchtigteu
781 1333 943 1388 Sachwalter
964 1334 1096 1388 scbicken.

469 1463 525 1522 [dur
543 1463 616 1509 ciuem
634 1462 808 1522 enutritione]

144 1610 175 1672 C.
209 1609 366 1684 Decauus,
396 1611 436 1673 H.
462 1607 697 1680 Thesaurarius‚
728 1609 768 1671 D.
800 1606 927 1680 Cantor,
962 1607 1230 1692 Salzepurgenses,

61 1715 173 1780 ludices
190 1739 207 1778 a
221 1717 294 1780 sede
309 1715 472 1799 apostolica
485 1715 627 1797 delegati,
653 1717 779 1780 Dilectis
795 1717 824 1778 in
839 1715 957 1780 Christo
974 1717 1114 1781 fratribus
1128 1719 1230 1783 Electa

63 1822 191 1912 [Abbati]
226 1831 257 1889 et
274 1824 437 1889 Conventni
452 1827 483 1887 iu
504 1825 660 1890 Cbotwico
677 1823 801 1913 salutem
826 1845 889 1888 cum
907 1826 1038 1889 fraterne
1063 1827 1229 1891 dilectionis

60 1933 167 1997 affectu.
192 1935 364 1997 Innotescat
377 1933 561 1997 discretione
574 1940 676 1997 vestre
690 1953 742 1996 nos
756 1932 870 1997 litteras
884 1939 914 1996 et
929 1935 1096 1998 mandatum
1109 1945 1231 2020 aposto-

60 2040 142 2106 licum
168 2042 325 2126 recepisse
348 2043 378 2104 iu
397 2041 485 2106 bunc
508 2042 640 2106 modurn:
685 2042 874 2124 „Gregorius
900 2043 1084 2129 Episcopus,
1115 2045 1228 2109 Servus

58 2149 212 2214 Servorum
228 2152 295 2223 Dei,
321 2151 439 2214 dilectis
458 2151 527 2214 filiis
546 2150 677 2222 Decano,
694 2150 892 2214 Thesaurario
911 2157 941 2214 et
961 2149 1081 2215 Cautari
1098 2153 1232 2236 salzpur-

59 2261 194 2340 gensibus
220 2259 352 2324 Salutem
378 2266 408 2324 et
423 2259 624 2345 Apostolicam
647 2260 897 2324 benedictionem.
923 2261 1032 2324 Dilecti
1054 2261 1106 2324 lilii
1128 2261 1229 2326 Abbas

58 2374 85 2431 et
97 2367 267 2433 Conventus
290 2369 328 2432 de
349 2369 447 2432 Rothe
469 2369 554 2432 nobis
571 2369 780 2452 conquerendo
799 2375 1010 2446 monstrarunt,
1035 2370 1113 2455 quod
1129 2371 1229 2436 Abbas

58 2485 85 2541 et
99 2477 267 2542 Conventus
284 2479 321 2542 de
344 2476 511 2560 Cbotwige‚
535 2479 717 2563 pataviensis
740 2479 898 2552 dioecesis,
923 2479 1070 2564 quoddam
1093 2481 1230 2563 predium

56 2591 83 2650 et
98 2588 167 2652 alias
182 2609 235 2652 res
247 2589 380 2672 ipsorum
397 2593 500 2652 contra
512 2589 653 2652 iustitiam
665 2588 817 2670 detineant
829 2592 860 2652 et
871 2588 1000 2652 reddere
1013 2589 1227 2656 contradicant.

56 2694 180 2782 Ideoque
197 2697 371 2761 discretioni
388 2701 487 2761 vestre
508 2718 564 2780 per
580 2689 744 2782 apostolica
761 2699 873 2780 scripta
889 2699 1068 2770 mandamus,
1092 2701 1228 2782 quatinus

55 2805 380 2901 partibus'convocatis
408 2805 536 2871 audiatis
567 2827 705 2878 causam,
746 2811 776 2870 et
801 2805 999 2889 appellatione
1031 2814 1144 2886 remota
1168 2808 1228 2871 fine

55 2912 148 2978 debito
171 2915 352 2988 terminetis,
375 2917 521 2979 facientes
545 2915 624 3000 quod
645 2915 842 2980 decreveritis
870 2935 925 2997 per
948 2935 1103 2979 censuram
1127 2918 1229 2981 eccle·
1280 2999 1283 3007 Ι

56 3023 201 3088 siasticam
218 3023 342 3087 firmitus
363 3024 526 3089 observari.
552 3024 661 3087 Testes
686 3028 793 3098 autem,
817 3023 867 3108 qui
888 3025 1007 3087 fuerunt
1026 3027 1177 3099 nominati,
1202 3028 1227 3090 si

54 3152 83 3195 se
98 3134 204 3215 gratia.
230 3133 308 3206 odio,
332 3132 381 3198 vel
397 3134 504 3198 timore
521 3131 722 3196 subtraxerint
739 3153 963 3218 percensuram
980 3134 1104 3199 eandem
1121 3137 1225 3220 appel-

53 3240 157 3306 latione
175 3246 313 3306 cessante
331 3243 447 3323 cogatis
465 3243 583 3305 veritati
605 3243 806 3308 testimoninm
822 3240 993 3326 perhibere.
1019 3243 1103 3324 Quod
1126 3245 1226 3309 sinon

54 3369 151 3416 omues
173 3351 222 3414 bis
245 3351 427 3434 exequendis
451 3350 610 3434 potueritis
633 3351 793 3425 iuteresse,
809 3351 875 3415 'duo
897 3357 1028 3415 vestrum
1048 3373 1083 3416 ea
1102 3353 1226 3417 nichilo·

52 3461 143 3526 minus
165 3465 358 3546 exequantur.
398 3461 473 3524 Data
496 3461 634 3543 Auaguie
656 3460 710 3532 vn
729 3459 847 3524 kalend.
886 3461 1074 3533 Decembris.
1103 3461 1228 3527 Pontifi-

51 3577 130 3634 catns
147 3571 245 3634 nostri
261 3590 336 3634 auno
353 3573 471 3633 sexto.“
488 3605 532 3616 --
548 3569 695 3632 Mandatis
706 3570 798 3652 igitur
811 3569 985 3652 apostolicis
1003 3571 1152 3634 contraire
1168 3591 1226 3635 nou

51 3679 207 3754 audentes,
233 3679 300 3752 vos,
325 3684 357 3743 ut
380 3677 417 3742 ad
440 3675 683 3762 respondendum
699 3699 755 3762 per
780 3680 850 3752 Vos,
874 3679 922 3743 vel
944 3699 1000 3763 per
1019 3682 1225 3764 responsalem
1282 3664 1284 3670 ¹

50 3789 234 3853 sufficienter
249 3787 427 3852 instructum
438 3786 541 3853 venire
553 3788 678 3870 possitis
694 3789 802 3871 parati,
826 3789 905 3852 diem
918 3793 948 3852 et
964 3789 1060 3852 locum
1076 3789 1106 3852 in
1122 3791 1226 3855 maiori

49 3897 185 3962 Ecclesia
203 3897 439 3985 Salaporpcnac‘,
461 3896 493 3958 iu
508 3897 609 3978 vigilia
626 3898 748 3963 loannis
765 3898 899 3981 baptiste
915 3896 1006 3960 Vobis
1025 3901 1225 3982 peremptorie

48 4007 233 4090 preligimus.
264 4005 305 4068 ¹Ut
321 4012 418 4070 autern
435 4025 526 4088 super
543 4005 699 4078 dilatoriis,
724 4027 782 4093 (lue
799 4007 972 4093 frequenter
988 4005 1107 4070 labores
1124 4009 1224 4072 multi-

48 4115 159 4199 plicant
192 4122 223 4179 et
259 4136 415 4199 expensas,
448 4115 603 4180 iudiciaria
634 4117 828 4199 prouideatur
861 4115 1054 4189 auctoritate,
1090 4119 1224 4201 predium

47 4223 219 4292 Sacaraacb
241 4225 351 4290 dictum
374 4225 564 4309 inpetitione
587 4225 681 4289 Vobis
698 4224 898 4310 specificatur,
923 4226 1003 4290 salvo
1019 4226 1085 4290 iure
1098 4227 1226 4291 addendi

46 4336 91 4398 uel
114 4333 310 4400 diminuendi.

116 4443 176 4497 Seit
189 4441 332 4497 Abscbluss
346 4442 393 4496 des
406 4441 575 4512 Vergleiches
588 4441 717 4496 zwiscben
731 4441 781 4495 deu
793 4429 878 4496 theu
891 4443 1020 4498 Wernher
1032 4459 1081 4498 von
1095 4443 1226 4516 Gdttweig

48 4535 98 4587 und
117 4535 221 4588 Lutber
248 4551 298 4588 von
317 4533 368 4587 liot
395 4533 429 4588 im
447 4536 528 4589 dabre
552 4534 623 4588 1152
651 4533 740 4605 (siche
765 4533 889 4588 Urkunde
910 4535 956 4589 Nr.
975 4535 1046 4608 Xlll)
1073 4554 1128 4591 war
1149 4555 1226 4591 unser

49 4624 110 4680 Slilt
139 4625 174 4678 im
201 4625 311 4694 rubigou
330 4624 432 4680 Busitae
461 4625 508 4680 des
537 4625 620 4680 Gutes
648 4625 826 4680 Schwarna
846 4623 928 4696 (jetzt
946 4625 1118 4698 Schwarzaul
1143 4629 1223 4684 durch
