3122 5096
175 328 348 446 ¹14

294 550 471 616 inconuulsa
489 559 665 635 permaneat
683 557 841 638 perpetuo.
872 558 966 617 testes
987 554 1037 617 isti
1059 575 1115 638 per
1136 575 1238 618 aurem
1259 559 1328 620 sunt
1353 555 1488 621 adtracti.

293 660 468 725 Hodcricb.
494 665 525 723 et
545 663 632 746 filios
654 665 722 728 eiua
743 657 919 728 Hodcricb.
947 663 1074 748 Bosfolt.
1108 664 1263 751 Pitinum.
1293 665 1491 730 Grandacbor

294 771 326 828 et
343 767 422 830 filius
439 767 503 832 eius
522 771 642 836 Gerolt.
661 772 798 857 Lc‘opolt.

834 953 953 1026 XLIII.

385 1089 495 1154 Notum
512 1095 552 1156 sit
574 1094 711 1180 omnibus
729 1093 848 1158 Christi
861 1093 1012 1158 fidelibus.
1034 1091 1260 1176 quodquidam.
1286 1091 1323 1156 N.
1340 1095 1489 1159 Dicimur

283 1197 418 1261 tradidit
440 1220 532 1282 super
548 1202 642 1266 altare
658 1202 691 1266 S.
709 1202 805 1266 Mario
821 1201 929 1266 uineas
943 1199 1028 1266 duas.
1052 1206 1084 1264 et
1098 1205 1193 1265 testes
1216 1200 1247 1263 hi
1265 1205 1334 1264 sunt
1351 1202 1488 1266 adhibiti.

293 1305 426 1391 Epitols.
450 1309 599 1374 Goumara.

778 1480 781 1494 “
836 1496 945 1566 xnrv.

385 1629 656 1704 Nouerintomnes
684 1639 743 1698 tam
766 1637 918 1719 presentis
946 1635 1034 1698 etatis
1063 1654 1149 1720 quam
1175 1634 1284 1705 future
1299 1633 1487 1716 posteritatis

294 1733 413 1800 fideles.
430 1737 559 1822 qualiter
571 1741 692 1824 quidam
706 1745 822 1808 nobilis
832 1745 872 1809 N.
889 1745 1035 1828 Wclflter.
1054 1743 1180 1826 cupiens
1190 1739 1263 1804 illud
1278 1741 1489 1824 euangelicum

294 1848 475 1928 preceptum
492 1847 627 1929 implere.
646 1851 697 1934 qui
710 1850 773 1914 uult
785 1857 913 1934 postme
924 1852 1041 1916 uenire.
1058 1839 1171 1916 statuit
1182 1850 1418 1916 hierosolimam
1429 1851 1489 1914 irc.

294 1949 356 2012 Sed
381 1953 449 2036 quia
473 1954 569 2018 minus
594 1957 764 2022 abundabat
787 1960 954 2042 sumptibus
980 1960 1117 2042 pecunie.
1142 1957 1279 2042 predium
1303 1978 1389 2022 suum
1406 1957 1487 2044 quod

213 2149 214 2153 Ἰ
294 2059 383 2122 situm
400 2066 447 2124 est
462 2061 672 2154 Icoripc'obocb
689 2072 719 2130 et
731 2067 961 2152 wizilinisdcof
970 2067 1123 2150 delegauit
1136 2085 1226 2148 super
1238 2065 1334 2129 altare
1348 2067 1380 2129 S.
1394 2067 1490 2129 Marte

294 2167 324 2228 in
340 2187 457 2230 manum
483 2169 594 2234 domini
616 2176 811 2240 Hammeum·
826 2177 957 2241 abbatia.
981 2196 1036 2258 pro
1053 2170 1121 2238 xxo
1138 2175 1258 2238 marcis.
1278 2195 1316 2236 eo
1332 2181 1441 2237 tenore
1458 2179 1490 2237 nt

294 2275 321 2336 si
337 2275 404 2358 ipse
425 2277 456 2338 in
480 2277 529 2341 uia
545 2279 632 2344 uiuus
660 2282 705 2345 uel
725 2287 857 2348 mortuus
874 2289 1055 2347 remaneret.
1080 2281 1211 2346 ecclesia
1228 2282 1287 2344 sibi
1303 2282 1443 2364 predium
1459 2281 1490 2344 in

294 2381 341 2444 ius
365 2387 519 2468 proprium
541 2405 596 2468 pro
619 2391 716 2452 animo
740 2411 794 2454 sue
821 2397 851 2456 et
868 2401 1025 2475 parentum
1041 2409 1163 2454 suorum
1178 2391 1283 2473 requie
1298 2390 1487 2454 nendicaret.

295 2490 322 2552 si
338 2511 411 2554 uero
426 2493 569 2558 redisset.
588 2497 690 2578 quinto
708 2517 784 2562 anno
800 2501 899 2584 equali
915 2501 1044 2583 pecunia
1055 2497 1193 2580 predium
1203 2497 1370 2562 redimendi
1380 2503 1489 2581 poste·

293 2604 402 2662 statem
417 2601 564 2666 'haberet
597 2603 684 2686 Quod
706 2607 733 2670 si
756 2608 862 2672 tacere
885 2607 978 2672 nollet
1003 2607 1051 2670 uel
1067 2627 1126 2670 nou
1142 2610 1258 2691 posset.
1280 2606 1383 2690 mitrato
1407 2621 1485 2670 anno

293 2708 446 2772 transacto
470 2711 603 2776 ecclesia
625 2713 771 2798 deinceps
787 2715 885 2778 libere
902 2720 937 2778 et‘
948 2715 1062 2798 absque
1078 2714 1139 2778 ulla
1156 2713 1394 2778 contradictione
1410 2733 1486 2796 per·

293 2817 384 2895 petuo
401 2817 469 2880 iure·
485 2820 665 2900 possideret.
691 2843 748 2886 nec
765 2823 912 2907 deinceps
929 2823 1037 2886 redimi
1053 2824 1172 2888 osmrino
1187 2826 1302 2904 posset.
1330 2820 1394 2902 Qua
1405 2841 1487 2886 con-

293 2923 434 2987 uentione
445 2928 1487 3016 fratrescommoniti.prediumquodhabebantpropredictapecunia

291 3047 393 3093 emere
417 3033 643 3118 (superscriptum
658 3050 712 3100 est:
728 3039 776 3104 uel
794 3039 945 3126 uendere)
962 3060 1019 3101 non
1038 3043 1107 3102 sunt
1130 3041 1270 3102 cunctati.
1295 3037 1326 3100 in
1343 3039 1485 3120 predicta

183 3181 185 3186 .
291 3141 390 3199 autem
415 3141 618 3223 delegatione.
639 3151 734 3211 testes
757 3148 789 3210 hi
812 3169 867 3233 per
888 3167 991 3212 aurem
1014 3151 1084 3209 sunt
1105 3146 1245 3210 adtracti.
1268 3147 1434 3211 Hadcriob
1456 3154 1487 3212 et

287 3243 374 3326 filius
391 3248 458 3313 mus
473 3252 639 3318 Heinrich.
663 3256 821 3344 Piliprim.
845 3255 977 3322 Albucio.
996 3256 1122 3320 Rumolt
1138 3259 1169 3316 et
1185 3253 1264 3318 tilius
1281 3257 1346 3318 eius
1367 3255 1485 3319 Tiemo.

290 3352 538 3442 Erebinprcelct.
555 3362 710 3427 Dictmor.
728 3365 896 3429 ananan-t.
921 3363 1072 3427 Mardoto.
1097 3363 1282 3426 Amoluocb.
1310 3363 1486 3428 chman.

289 3457 409 3526 Snetlc.
425 3465 670 3556 Zetnoltcidolf.
684 3471 877 3559 Mepc'oburt.
890 3472 1002 3536 Acilio.
1015 3473 1148 3536 Bertolt.
1162 3470 1350 3558 Adolprcbt.
1366 3473 1486 3536 Gamzo.

289 3566 469 3634 Inuestiture
490 3577 665 3644 Hodcrc‘cb.
691 3582 857 3663 Heinrich.
877 3581 992 3664 Almia.
1016 3579 1109 3660 Qunam
1130 3578 1318 3641 traditionem
1341 3577 1486 3662 sollemp-

291 3675 370 3740 niter
387 3679 569 3747 celebratam
585 3693 615 3749 et
632 3689 717 3772 qnasi
735 3689 863 3774 quodam
879 3689 980 3770 sigillo
997 3685 1184 3768 obsignatam
1207 3687 1286 3749 idem
1313 3686 1487 3770 Wolficemo

290 3787 440 3850 temerare
464 3798 659 3878 presumpsit.
694 3797 767 3860 Nam
793 3796 903 3862 oblitus
932 3795 1027 3859 diuini
1055 3793 1161 3857 iudicii
1190 3799 1221 3856 et
1243 3791 1379 3858 karitatis
1410 3814 1486 3876 erga

289 3912 355 3954 eum
379 3896 521 3962 exhibite.
547 3903 672 3968 domino
688 3906 805 3971 Niconc‘
821 3903 1183 3988 comparandumoptulit.
1210 3901 1289 3986 quod
1312 3899 1399 3966 nobis
1424 3899 1485 3965 iam

288 4001 504 4080 possidendum
527 4010 663 4076 tradidit.
689 4014 775 4096 Quod
801 4017 887 4076 ctiam
909 4013 951 4076 ita
975 4014 1041 4075 sine
1065 4019 1207 4095 respectu
1231 4011 1359 4073 humane
1376 4010 1485 4074 defen-

289 4107 381 4172 sionis
409 4111 578 4181 dominante
605 4120 749 4186 iniustitia
776 4122 931 4206 usquead
963 4121 1076 4184 obitum
1104 4119 1249 4184 ciusdem.
1283 4119 1324 4184 N.
1350 4113 1483 4204 (iconis)

294 4221 469 4296 permansit.
500 4229 531 4286 et
558 4231 629 4290 tuac
659 4229 717 4294 deo
752 4232 915 4294 miserante
939 4249 1027 4292 secus
1058 4247 1147 4311 quam
1176 4225 1257 4313 (sio)
1288 4247 1323 4290 se
1354 4226 1484 4290 bumana

289 4321 399 4389 iudicia
431 4328 551 4396 habent.
585 4337 671 4401 nobis
698 4341 871 4404 restitutum
897 4342 953 4402 est.
991 4336 1066 4400 Nam
1092 4357 1180 4402 ocor
1203 4335 1271 4398 eiua
1297 4335 1398 4400 Tracta
1425 4334 1484 4398 deo

287 4449 408 4514 semper
425 4437 533 4503 deuota
551 4443 588 4506 cb
606 4446 772 4510 remedium
788 4448 885 4510 anime
902 4446 1000 4510 mariti
1018 4445 1072 4510 sui.
1099 4445 1227 4526 accepto
1244 4443 1309 4506 eius
1330 4444 1402 4507 uice
1423 4442 1482 4506 atio

285 4540 393 4620 predio
417 4546 497 4627 apud
519 4550 652 4618 charada
673 4557 732 4619 sito
749 4555 829 4640 quod
844 4553 997 4620 Ambclm
1013 4552 1098 4616 dedit
1121 4551 1203 4617 istud
1224 4548 1320 4614 nobis.
1345 4549 1426 4633 quod
1451 4555 1482 4614 et
