3122 5096
251 387 303 458 30

248 561 359 624 idonci.
384 557 504 625 Emist.
529 560 686 626 dietriclu
710 559 908 627 Adolbertus.
932 563 1087 627 Nootker.
1116 563 1231 628 Tiemo.
1262 563 1451 629 Williloolm.

249 669 442 758 Meqinlmrt.
459 669 639 736 Fridericlr.
656 671 783 736 Hololt.

812 803 878 882 CX.

341 949 449 1014 Notum
466 949 507 1010 sit
529 949 667 1012 omnibus
691 949 824 1014 ecclesie
845 949 925 1012 tiliis.
949 950 1080 1033 qualiter
1095 951 1175 1014 idem
1193 952 1337 1017 dominos
1352 952 1452 1036 Wolf-

248 1061 342 1124 lcerus
364 1057 525 1121 ecclesiam
541 1057 619 1140 apud
640 1059 785 1146 Naliuplr
807 1079 874 1122 cum
891 1059 961 1121 dote
978 1063 1009 1122 et
1025 1061 1225 1124 decimatione
1241 1062 1291 1124 uel
1308 1061 1451 1123 omnibus

251 1166 287 1230 ad
316 1186 381 1229 eam
408 1166 629 1248 pertinentibus
652 1166 807 1246 delegauit
828 1187 921 1250 super
943 1167 1037 1230 altare
1061 1167 1093 1230 S.
1112 1167 1208 1232 llarie
1229 1189 1284 1251 pro
1310 1169 1451 1232 remedio

251 1276 349 1337 anime
373 1295 428 1336 sue
452 1280 483 1336 et
505 1274 599 1356 patris
625 1279 656 1338 et
679 1275 783 1336 matris
807 1296 871 1338 sue.
897 1274 990 1338 Huius
1012 1275 1184 1340 traditionis
1201 1281 1297 1339 testes
1314 1277 1451 1340 suerunt.

251 1384 452 1448 Adultertus.
468 1382 688 1447 Burclourdos.
705 1384 851 1470 Huqaoo.
868 1384 1065 1450 Fridericua.
1084 1385 1272 1470 Gotisridus.

812 1565 892 1640 cxl.

344 1707 470 1770 Nouerit
485 1706 665 1768 uniuersitas
681 1703 796 1767 Christi
812 1706 942 1769 lidelium
958 1708 1088 1791 qualiter
1103 1709 1222 1790 quidam
1241 1711 1362 1796 Goncpo
1380 1731 1451 1774 cum

254 1837 347 1880 uxore
362 1837 416 1879 sua
433 1835 540 1896 magno
557 1814 723 1877 deuotionis
740 1814 891 1878 desiderio
908 1817 1016 1898 optulit
1032 1817 1150 1880 niueam
1166 1838 1254 1880 uuam
1268 1820 1453 1906 Grolkinqin

254 1927 341 1988 sitam
359 1924 396 1988 ad
414 1923 507 1986 altare
521 1923 554 1985 S.
567 1923 664 1986 Mario
680 1943 734 2006 pro
751 1944 869 1986 suarum
887 1928 918 1988 et
934 1931 1127 2009 utrorumque
1139 1931 1296 2009 parentum
1313 1929 1452 1991 remedio

256 2034 431 2096 animarum.
457 2031 549 2095 Huius
565 2030 736 2094 traditionis
752 2052 808 2114 per
824 2051 925 2095 aurem
942 2033 1069 2096 adtracti
1086 2039 1156 2096 sunt
1171 2039 1277 2098 testes.
1302 2036 1452 2100 uocabula

255 2143 390 2224 presenti
407 2139 531 2204 scedula
547 2138 705 2202 habentes.
729 2141 861 2204 Bertolt.
883 2141 1047 2206 Meridoto.
1064 2143 1272 2208 Marcoman.
1289 2145 1451 2210 Dietriolo.

254 2249 411 2335 Reqinolt.
427 2249 539 2313 Naozo
557 2253 588 2310 et
604 2245 664 2309 alii.

807 2369 903 2440 CXll.

346 2509 494 2573 Nouerint
509 2507 643 2572 uniuersi
661 2505 834 2590 adoptionis
847 2508 954 2590 spiritu
971 2512 1078 2572 renati.
1095 2512 1223 2595 qualiter
1234 2513 1356 2596 quidam
1372 2517 1454 2580 Die·

256 2619 355 2685 tricus
366 2623 473 2700 rogatu
486 2615 640 2680 cuiusdam
653 2621 788 2678 matrone
803 2617 907 2680 Trete.
926 2616 1078 2699 delegauit
1089 2619 1284 2684 Adalbertum
1300 2623 1454 2706 quendam

258 2730 296 2792 ad
323 2729 417 2792 altare
446 2727 478 2790 S.
508 2726 602 2790 Maris
631 2746 685 2808 pro
714 2745 833 2789 suorum
861 2724 1047 2790 absolutione
1079 2733 1247 2811 parentum.
1279 2729 1453 2810 designato.

259 2836 294 2900 V.
312 2837 501 2900 denariorum
527 2855 630 2898 ceusu.
655 2833 806 2896 annuatim
831 2831 984 2897 soluendo.
1009 2835 1102 2899 Huius
1119 2837 1288 2900 traditionis
1305 2844 1404 2902 testes
1421 2841 1456 2904 lii

257 2966 315 3028 per
336 2965 438 3008 aurem
466 2944 592 3007 adtracti
615 2948 684 3005 sunt
705 2940 820 3006 fideles.
843 2945 953 3008 Hesso.
976 2943 1114 3032 Sipifrir.
1136 2947 1286 3012 Perdart.
1310 2947 1454 3036 Sipifrot.

257 3054 446 3141 Adulprcloi.
463 3053 582 3118 Soello.
598 3052 763 3116 Her‘imun.
780 3052 946 3117 Elelrilcort.

350 3377 520 3442 Notandum
536 3381 584 3440 est
600 3377 717 3440 cunctis
734 3377 866 3442 ecclesie
877 3377 965 3440 fidem
979 3375 1169 3441 seruantilrus
1185 3377 1316 3462 qualiter
1332 3380 1456 3464 quidam

260 3488 298 3551 de
321 3485 568 3550 ministerialibus
591 3485 786 3550 marchionis
813 3484 959 3549 uocabulo
990 3486 1162 3551 Mimans
1190 3489 1455 3552 commutationem

259 3595 369 3659 fecerit
385 3595 482 3678 predii
506 3593 657 3680 Potiopio
673 3593 794 3656 dictum.
821 3593 887 3654 data
913 3591 971 3656 sibi
995 3593 1132 3656 uicissim
1151 3593 1207 3655 alia
1224 3595 1424 3676 possessione
1441 3617 1458 3659 a

261 3704 345 3767 nobis
362 3703 440 3786 apud
464 3703 568 3766 litatio
584 3723 639 3786 per
654 3721 772 3764 manum
794 3702 978 3766 Heidiorici
992 3700 1103 3764 nobilis
1118 3702 1175 3763 uiri
1192 3707 1337 3785 presente
1353 3705 1456 3769 aduo-

260 3820 335 3878 out'o
354 3818 463 3876 nostro
486 3807 658 3876 Clodnrudo
688 3809 773 3873 cuius
801 3811 890 3872 etiam
913 3825 1066 3874 consensu·
1092 3815 1139 3872 est
1167 3809 1331 3874 celebrata.
1361 3811 1457 3876 Huius

260 3921 430 3985 traditionis
454 3926 554 3984 extant
575 3925 672 3982 testes
694 3918 800 3980 idonei
817 3919 852 3979 im
870 3918 1091 4000 presentiarum
1108 3917 1263 4000 adscripti.
1289 3921 1456 3986 diridet.

260 4029 437 4095 Hartwielo.
454 4028 647 4114 Adapreoa
661 4027 829 4114 lleqc'nper.
846 4030 952 4116 Eppo.
972 4026 1131 4092 Gerunolo.
1148 4025 1286 4113 Sipofrit.
1306 4029 1456 4096 Gwrdolt.

259 4138 418 4225 Maqc'uus.
437 4131 611 4202 Waltclod’n.
633 4135 815 4200 Williloalm.
840 4125 1020 4200 l‘nuestiture
1036 4133 1227 4222 Adulprelct.

807 4320 921 4391 CXlVa

353 4463 461 4525 Notum
475 4463 515 4524 sit
527 4460 662 4523 omnibus
676 4459 732 4524 deo
745 4467 774 4522 et
787 4460 919 4524 ecclesie
937 4460 1001 4522 eius
1017 4459 1106 4522 fidem
1123 4457 1315 4522 sernentibus
1330 4461 1468 4544 qualiter'

262 4572 382 4656 quidam
399 4570 507 4634 nobilis
523 4571 693 4636 Ber'toldoa
709 4569 834 4633 tradidit
849 4569 1033 4651 mancipium·
1045 4577 1135 4632 ullum
1153 4567 1190 4632 ad
1207 4569 1301 4632 aliare
1315 4569 1349 4634 S.
1362 4567 1461 4636 Marie'
