3076 5094
306 390 382 462 262

303 567 378 631 silua
403 573 432 632 et
455 569 609 652 mancipiis
633 574 663 633 et
679 570 774 632 vineis
802 573 833 632 et
856 567 991 632 omnibus
1015 569 1201 652 appendiciis
1224 569 1298 639 suis,
1323 569 1466 658 Potinpio,

302 675 573 763 Perdartistorplo,
590 697 656 741 curn
674 677 828 760 mancipiis
848 682 879 740 et
894 675 987 740 vineis
1004 681 1034 739 et
1050 677 1184 741 omnibus
1201 678 1386 761 appendiciis
1407 679 1466 741 sun.

301 785 509 872 Pclliadmpd
526 799 648 850 'mansos
670 785 729 848 1111.
755 785 904 849 liberales.
927 781 1015 852 Most
1029 787 1129 850 vineas
1149 785 1184 850 ll.
1206 787 1468 875 Woltricloictorplr

301 911 421 956 mansos
437 895 469 956 11.
494 893 801 960 Hadcricloiecoerti
817 893 963 977 predium,
987 895 1065 978 quod
1081 896 1251 960 licina-icus
1268 895 1361 960 dedit.
1386 897 1468 960 Liar

301 1004 521 1089 manniatorpln
554 1022 671 1066 mansos
699 1003 724 1065 X
752 1001 888 1085 regales,
915 1021 990 1085 quos
1016 1005 1264 1087 comparauimus.
1294 1005 1470 1074 Clmnniln

302 1131 434 1174 mansum
446 1111 467 1174 1.
477 1111 798 1199 Zapclstreiplrinpin,
813 1108 891 1194 quod
900 1109 1058 1176 Eberhard
1070 1111 1161 1174 dedit.
1175 1113 1344 1190 Sulzbuclo,
1360 1115 1471 1188 Tanna,

303 1219 380 1304 quod
391 1221 536 1286 Lcitkart
548 1220 637 1284 dedit.
647 1218 875 1306 Clarenpilbuoln
887 1239 1018 1282 mansum
1028 1220 1050 1286 1.
1066 1221 1163 1292 coici,
1175 1222 1342 1296 Humiotal,
1360 1222 1472 1287 Verulae

302 1335 333 1391 et
349 1335 451 1392 uetera
466 1329 592 1402 nonalia,
606 1349 664 1412 que
675 1327 815 1394 marchio
827 1327 919 1390 dedit.
935 1327 1101 1401 Cluuienus,
1116 1335 1145 1392 et
1158 1331 1261 1392 siluam
1275 1349 1365 1413 quam
1377 1333 1473 1396 Wcldo

302 1437 394 1502 dedit.
417 1439 533 1526 Piopin
548 1438 692 1523 predium,
717 1437 794 1520 quod
811 1437 993 1524 Piliprimuo
1015 1437 1106 1501 dedit.
1126 1427 1234 1512 Miris,
1247 1439 1474 1528 Giezindoapla,

303 1547 479 1619 Gritaooaa,
492 1547 717 1634 Stcncodorplo
732 1565 798 1612 oum
811 1545 945 1610 omnibus
957 1545 1141 1628 appendiciis
1154 1549 1226 1620 suis,
1238 1567 1298 1632 que
1312 1550 1474 1614 Heinricuo

301 1661 331 1718 et
347 1657 439 1720 frater
457 1655 521 1718 eius
541 1657 610 1721 Otto
634 1656 790 1718 dederunt.
816 1655 912 1719 Turni
929 1655 1063 1738 predium
1080 1655 1158 1739 quod
1174 1657 1363 1723 diidoricm
1389 1659 1474 1722 dedit.

303 1763 402 1828 Ticini
416 1764 561 1846 predium,
584 1765 661 1849 quod
677 1763 829 1828 Maionia
844 1763 927 1826 dedit
950 1767 981 1826 et
997 1769 1097 1826 cetera
1113 1769 1197 1826 recte
1214 1765 1344 1848 quesita.
1371 1767 1433 1830 Sed
1449 1773 1476 1830 ut

300 1873 339 1936 ho
355 1873 529 1936 traditiones
546 1877 610 1936 rate
626 1878 657 1936 et
671 1873 844 1936 inconuulse
861 1871 938 1934 omni
954 1875 1089 1954 tempore
1101 1880 1302 1954 permaneant,
1320 1875 1402 1939 hano
1415 1896 1475 1940 car-

300 1991 359 2045 tam
375 1983 573 2066 impressione
589 1981 682 2064 sigilli
699 1981 791 2044 nostri
807 1980 944 2061 insigniri
961 1980 1109 2044 iussimus.
1123 1980 1158 2042 lli
1174 1989 1243 2045 sunt
1259 1988 1360 2046 autem
1377 1989 1475 2058 testes,

298 2091 348 2176 qui
375 2092 515 2155 uiderunt
542 2097 572 2154 et
601 2091 766 2154 audierunt.
798 2089 941 2172 Episcopi
968 2089 1190 2176 liepinltcrdus
1220 2089 1475 2156 halberstatensis.

301 2201 467 2264 Wulrubon
491 2199 630 2264 cizensis.
664 2201 715 2264 Vto
742 2197 1027 2263 hiltensheimensis.
1050 2201 1223 2266 Hortuioaaa
1249 2201 1474 2283 ratisponensis.

295 2309 499 2374 Eberhardua
527 2307 709 2370 eistetensis.
738 2306 803 2371 Dux
834 2307 937 2392 ll'elso
967 2307 1110 2371 Marehio·
1123 2309 1321 2396 L‘a'ctpotdca.
1345 2310 1473 2374 lllarehio

294 2419 491 2506 Dictpoldaco.
520 2418 590 2484 Otto
613 2436 713 2480 comes
729 2417 956 2500 ratisponensis.
977 2417 1189 2482 Herimonuus
1206 2439 1318 2481 comes.
1346 2420 1473 2504 Gotisri·

294 2527 353 2592 dua
367 2547 466 2590 comes
483 2528 520 2590 de
536 2526 725 2591 chalannen.
745 2525 937 2590 distendentur
953 2531 984 2586 et
998 2521 1194 2592 Iaidocoicua
1216 2529 1356 2590 comites.

384 2635 448 2718 ligo
471 2633 660 2700 scalonae
683 2633 877 2698 cancellarius
901 2636 967 2696 uioe
991 2631 1102 2697 domini
1124 2631 1286 2700 notuerat
1312 2637 1472 2718 moguntini

294 2743 560 2808 Archioanoellarii
576 2743 749 2826 recognoui.

384 2853 509 2935 Signum
546 2852 665 2916 Domini
695 2852 841 2918 Heinaici
876 2852 986 2930 Quinti
1019 2850 1113 2933 Regis
1145 2851 1346 2916 Romanorum
1378 2854 1471 2918 luvio-

295 2963 410 3026 tissimi.
1329 2943 1331 2947 ⁸

770 3047 997 3122 monogramma]

382 3163 487 3224 dotum
499 3165 547 3224 eat
558 3165 656 3224 autem
668 3163 764 3225 talne.
779 3160 851 3224 Vlll.
865 3159 934 3224 Idus
947 3159 1033 3244 Sept.
1047 3161 1129 3224 Auno
1142 3161 1357 3224 incarnationis
1370 3162 1474 3226 domini

293 3270 344 3332 ll0.
368 3267 413 3332 0⁰.
438 3269 520 3332 vllr.
545 3269 709 3334 indictione
735 3269 798 3332 XV.
821 3271 904 3332 Anno
926 3288 999 3332 aero
1021 3269 1108 3350 regni
1130 3271 1193 3332 eius
1215 3268 1275 3332 lll⁰.
1294 3270 1428 3336 feliciter
1447 3271 1473 3334 in

291 3376 419 3443 Christo.
437 3378 538 3442 Amen.

724 3467 798 3526 [Loco
822 3466 894 3526 sigilli
910 3465 1037 3525 impressi]

361 3567 413 3620 Das
433 3565 523 3636 Siogol
542 3563 577 3618 ist
596 3566 642 3618 auf
659 3565 706 3618 der
724 3561 893 3618 Vorderseite
912 3564 961 3616 der
979 3563 1102 3618 Urkunde
1122 3565 1299 3633 ausgedrirolrt
1323 3567 1379 3621 und
1398 3567 1475 3620 1111-

289 3660 367 3710 wirts
387 3657 468 3710 durch
483 3655 557 3708 einen
570 3655 790 3725 Waohslrlumpen
803 3653 961 3722 hetestiget;
980 3652 1052 3708 sielre
1067 3655 1109 3708 die
1121 3655 1319 3726 Beschreibung
1333 3658 1472 3712 desselben

288 3748 381 3800 sammt
406 3746 589 3816 Schriitproba
616 3747 650 3799 im
670 3745 822 3800 'chronicon
848 3743 1025 3798 Goltwioensa
1050 3745 1218 3816 (Tegerusee
1237 3745 1324 3808 1732,
1355 3749 1475 3820 impressa.

288 3837 308 3891 l.
327 3837 402 3890 Tom.
430 3854 491 3908 pag.
512 3836 590 3908 307).
617 3867 650 3876 -
677 3835 851 3904 Abgedruclrt
874 3837 909 3890 ist
937 3834 980 3888 dio
999 3835 1138 3898 UrIundo‚
1158 3837 1221 3890 eber
1239 3837 1302 3890 sehr
1322 3838 1475 3900 felalerhuli.

286 3927 312 3982 in
337 3927 487 3999 Hormayr’s
512 3927 608 3981 Archiv
632 3927 675 3980 fiir
700 3925 868 3990 Geschichte,
893 3925 1014 3980 sonuistis
1038 3944 1064 3978 u.
1082 3944 1103 3980 s.
1123 3944 1154 3980 rr.
1179 3927 1271 3998 dalarg.
1298 3928 1366 3983 XIX.
1394 3929 1473 3986 1828.

286 4017 359 4072 Soita
380 4017 433 4072 519
459 4036 485 4070 u.
504 4035 527 4070 a.
546 4035 578 4070 w.
600 4047 631 4056 -
651 4015 850 4088 Auszugsweise
877 4017 949 4090 auch!
968 4016 993 4069 in
1018 4016 1068 4070 deu
1087 4017 1219 4088 liegestan
1246 4036 1294 4072 zur
1313 4020 1473 4075 Geschiehla

286 4108 334 4162 der
358 4107 525 4178 Marlgraien
550 4107 603 4161 und
627 4109 745 4176 Herzoge
772 4094 945 4160 listerreieh's
970 4124 1017 4160 aus
1037 4107 1095 4161 dem
1123 4109 1209 4161 Hauso
1227 4107 1400 4181 Babenberg,
1426 4126 1473 4164 rou

283 4199 329 4253 Dr.
350 4198 469 4252 Andreas
488 4215 537 4250 von
555 4198 665 4260 Meiller‚
686 4198 757 4252 Seite
778 4197 826 4258 ll,
845 4195 890 4250 Nr.
908 4198 934 4258 4,
953 4196 1000 4250 mii
1018 4198 1069 4250 deu
1088 4197 1173 4252 Noton
1192 4197 1237 4260 91,
1256 4199 1302 4262 92,
1322 4202 1397 4256 Seite
1411 4201 1473 4256 299.

356 4289 382 4353 1,
394 4289 427 4362 2)
446 4289 533 4359 Vorgl.
553 4289 598 4344 Nr.
611 4289 710 4344 XCVIII
730 4287 782 4342 und
802 4285 922 4344 CCXLIV
940 4287 987 4342 des
1006 4286 1174 4342 Saalbuchos.
