3074 5094
1134 430 1211 500 309

566 611 676 683 Xhlll.

50 747 112 819 1235,
124 747 204 808 tiron.
220 779 252 788 —
265 749 392 804 Hademer
403 707 456 804 und
469 747 591 804 Heinrich
604 767 653 803 ron
680 747 813 819 Chunring
831 748 925 802 stetten
937 747 996 802 dem
1009 749 1115 802 Kloster
1128 748 1218 819 einige‘

51 841 143 896 Wiener
161 841 257 895 wieder
275 842 387 904 aurucha,
407 842 507 896 welche
526 859 574 897 von
597 841 672 894 ihren
690 841 790 894 Leuten
812 840 963 912 penaltsann
980 857 1066 894 waren
1084 840 1111 892 in
1128 839 1215 894 Besita

481 949 634 1003 genommen
647 932 764 986 worden.

557 1041 692 1102 [0riginat.]

126 1142 157 1206 In
172 1141 297 1205 Nomine
322 1141 435 1206 Sancte
458 1146 489 1206 et
507 1141 663 1207 Indiuidue
685 1142 851 1206 Trinitatis.
875 1143 978 1206 Amen.
1003 1141 1047 1205 hd
1072 1141 1212 1206 noticiam
1262 1143 1264 1148 '

49 1250 221 1332 singulorum
255 1259 313 1314 tam
339 1251 549 1316 modernorum
578 1271 663 1336 quam
684 1252 850 1315 futurorum
877 1253 1039 1337 peruenire
1066 1252 1213 1334 cupimus,

48 1360 116 1443 quod
137 1380 194 1443 ego
219 1360 418 1424 Hademarus
442 1364 473 1423 et
493 1360 588 1424 frater
611 1380 694 1424 meus
716 1362 893 1426 hainricus
914 1361 951 1424 de
977 1360 1156 1452 Clunnrinpe
1177 1359 1214 1422 ad

48 1469 203 1532 instantiam
232 1469 386 1552 petitionis
409 1467 589 1532 venerahilis
617 1468 732 1532 abbatis
764 1469 914 1536 Hainrioi
946 1468 1076 1532 ecclesie
1100 1469 1215 1532 Kotwi-

48 1578 154 1650 censis,
182 1578 383 1659 cognominati
408 1576 595 1664 dens1),0b
624 1579 789 1642 remedium
811 1579 970 1642 animarum
995 1584 1160 1641 nostrarum
1185 1582 1215 1638 et

48 1691 189 1770 parentum
207 1691 386 1760 nostrorum,
411 1692 442 1751 et
469 1691 608 1771 pretentu
636 1687 765 1765 iusticie,
794 1689 918 1774 quedam
934 1692 1018 1771 prata
1034 1685 1063 1750 in
1074 1689 1170 1772 pulta
1183 1684 1212 1769 ²)

49 1793 80 1857 ad
105 1797 260 1862 cenobium
286 1795 476 1878 Kotwieense
503 1797 568 1860 iure
595 1796 777 1861 fundationis
804 1797 983 1880 pertinentia
1011 1799 1041 1859 et
1062 1796 1090 1858 in
1113 1797 1214 1878 quiete

48 1902 136 1966 multis
159 1906 244 1969 annis
267 1905 303 1968 ab
326 1905 391 1988 ipsa
415 1924 569 1990 possessa,
596 1911 627 1970 et
647 1905 834 1992 postmodum
851 1905 887 1969 ab
904 1903 1072 1969 hominibus
1092 1905 1213 1977 nostris,

49 2012 200 2082 secundum
230 2014 307 2099 quod
335 2015 445 2078 fratres
473 2013 604 2080 ecclesie
632 2016 763 2078 confessi
790 2019 873 2087 sunt,
901 2012 1047 2077 violenter
1074 2019 1215 2096 risnrpata

47 2121 204 2186 remisimus
222 2123 251 2186 in
268 2129 429 2208 perpetuos
457 2145 528 2188 usus
552 2123 648 2188 eidem
673 2125 821 2196 ecclesie,
843 2123 883 2185 ita
906 2128 939 2186 ut
960 2121 1057 2186 nullus
1081 2128 1214 2186 nostrum

46 2228 89 2292 uel
105 2236 272 2295 nostrorum
285 2231 428 2296 heredum
444 2232 581 2316 predicta
597 2239 682 2316 prata
699 2230 736 2297 de
748 2237 850 2297 cetero
863 2230 919 2294 sihi
930 2231 1039 2296 iniuste
1052 2232 1215 2297 uendieare

46 2344 192 2420 presumat
217 2339 266 2405 uel
291 2346 454 2426 attemptet.
485 2341 525 2406 Vt
553 2362 626 2425 ergo
653 2343 711 2407 hec
734 2363 751 2406 a
771 2341 860 2404 nobis
891 2344 954 2403 acta
984 2361 1000 2404 a
1028 2343 1073 2404 sui
1100 2341 1214 2405 tenoris

46 2450 207 2514 constancia
235 2471 292 2514 non
318 2450 462 2514 recedant
488 2451 517 2513 in
544 2455 696 2535 posterum
723 2471 779 2535 per
804 2449 927 2514 alicuius
962 2448 1133 2512 uiolentiam
1165 2448 1214 2512 uel

48 2556 248 2642 calumpniam,
266 2559 358 2640 sigilli
374 2561 467 2624 nostri
492 2559 691 2643 impressione
708 2563 738 2622 et
755 2559 875 2622 testium
899 2558 1120 2643 subscriptione
1142 2580 1215 2643 pre-

46 2670 149 2730 sentem
164 2667 305 2752 paginam
320 2668 460 2733 iussimus
477 2668 622 2732 roborari.
650 2668 706 2731 Vbi
721 2689 794 2733 uero
811 2668 869 2732 hec
886 2674 952 2732 aeta
969 2673 1037 2732 sunt
1057 2673 1215 2753 presentes

45 2771 154 2838 fuerunt
187 2775 229 2837 hi.
275 2777 461 2858 Piliprimus
492 2774 635 2860 plebanus
670 2777 709 2840 de
742 2779 995 2866 aldrettcsperpe.
1036 2778 1216 2844 Hartwious

42 2883 167 2968 pensito.
184 2885 299 2949 Altero
317 2890 346 2948 et
364 2885 434 2950 Otto
453 2885 489 2948 de
505 2889 629 2952 Boane.
646 2887 820 2952 Heinricus
835 2887 962 2970 dapifer.
987 2888 1160 2953 Heinricus
1176 2886 1215 2950 de

44 2989 199 3057 hortante.
217 2993 375 3058 ernoldus
392 2995 429 3057 de
444 2995 553 3082 spitze,
571 2999 601 3057 et
617 2994 666 3058 alii
682 3017 767 3080 quam
783 2996 896 3079 plures.
963 3005 965 3010 “

107 3098 145 3152 hn
159 3099 207 3154 der
218 3099 342 3153 Urkunde
356 3103 437 3170 hangt
450 3102 561 3156 mittelst
574 3103 767 3172 vieienlangem
780 3103 873 3156 blauen
882 3103 934 3156 und
946 3101 1039 3173 gethen
1050 3101 1216 3156 Zwirnfaden

45 3187 80 3240 ein
91 3189 208 3245 ziemlich
226 3207 344 3260 presses,
357 3193 469 3262 langlich
488 3193 652 3264 dreiechiges
666 3193 765 3264 Siegei,
783 3193 808 3246 in
822 3194 915 3247 dessen
928 3192 1007 3247 Felde
1021 3192 1062 3246 ein
1076 3195 1217 3263 genechter

43 3277 175 3336 flolnbtneh
202 3283 274 3336 steht
298 3283 344 3336 mit
368 3285 440 3337 einer
465 3285 532 3338 nach
559 3285 647 3339 rachis
672 3285 721 3338 frei
743 3283 855 3338 dartiber
880 3284 1018 3354 liegenden
1042 3285 1138 3338 Hastae.
1165 3285 1212 3339 Die

42 3367 180 3512 posenno
202 3372 330 3426 aenaeum
348 3373 484 3428 neritinae
507 3375 603 3429 aaut:
628 3376 651 3446 e
670 3357 1215 3430 srennun.nnnnnn1‚.'nn1unror

62 3460 81 3513 a
99 3460 302 3517 onnnnrnon.
315 3493 352 3504 -

106 3552 136 3625 1)
156 3555 195 3608 Da
217 3555 400 3608 ausdrr'rchlich
414 3555 466 3608 net
481 3555 602 3609 Heinrich
613 3556 642 3609 lt.
657 3557 773 3624 genennt
785 3553 857 3618 wind,
871 3573 900 3609 so
914 3554 950 3610 ist
963 3555 1004 3610 die
1017 3555 1142 3610 Urkunde
1157 3558 1214 3609 esst

43 3658 71 3694 nn
87 3645 171 3698 seiner
192 3645 250 3698 Zeit
272 3645 481 3719 (teca-1237)
501 3647 656 3716 ausgesteltt
675 3646 801 3708 worden,
820 3646 862 3700 die
881 3647 1023 3719 Rdchgahe
1042 3647 1089 3701 dar
1106 3647 1214 3702 Wiesen

41 3749 104 3788 muss
112 3735 254 3805 jedenfalis
267 3737 348 3790 sehon
361 3737 451 3790 frdher
464 3738 613 3808 gescheheu
626 3737 691 3790 sein.
711 3737 756 3810 (S.
769 3739 814 3794 Nn.
827 3738 919 3811 XXX.)

106 3825 139 3899 2)
151 3825 199 3880 hm
213 3826 353 3882 Paithaehe
365 3827 408 3882 hei
420 3829 555 3884 Paltmdhl.
575 3829 604 3883 0.
617 3829 659 3884 W.
671 3830 713 3885 W.

577 4008 689 4080 XLIV.

42 4135 108 4214 idid,
124 4140 238 4203 ianuar.
257 4173 291 4184 -
315 4143 408 4199 Kaisar
429 4143 564 4199 Friedrich
586 4147 616 4199 11.
643 4145 732 4199 nimmt
756 4145 802 4199 das
829 4145 893 4199 Stiit
915 4145 1048 4216 Gdttweig
1073 4145 1119 4200 mit
1144 4146 1214 4200 allen

44 4231 101 4288 dazu
122 4235 291 4307 gehdrenden
305 4235 451 4301 Per-senen,
471 4236 570 4291 Giitern
589 4236 642 4290 und
662 4237 780 4290 Rechten
800 4237 826 4290 in
843 4237 932 4290 seinen
957 4235 1010 4290 und
1031 4237 1078 4291 des
1098 4236 1213 4292 Reiches

494 4327 640 4382 besondern
654 4327 761 4381 Schuta.

559 4436 695 4496 [original]

125 4539 312 4605 Friderieua
327 4538 384 4602 Dei
400 4539 501 4624 gracia
516 4537 712 4606 Romanorum
732 4539 897 4625 imperator
913 4559 1033 4624 semper
1049 4539 1213 4622 Augustus,

43 4642 203 4713 Jerusalem
219 4652 251 4714 et
267 4648 371 4714 Sicilie
387 4649 459 4714 Rex.
484 4649 542 4714 Per
558 4668 685 4733 presens
701 4649 843 4734 scriptum
866 4654 965 4715 notum
991 4649 1055 4715 fieri
1077 4649 1214 4713 uolumus
