3074 5094
1145 381 1218 454 291

59 579 109 644 qne
133 559 235 624 habuit
259 559 347 624 filiam
375 561 494 626 nomine
518 557 650 624 Gioilam
673 575 728 640 per
750 556 950 622 chunradum
972 556 1171 646 Oblorumpb
1196 562 1227 622 et

62 669 154 732 eadem
185 670 315 757 Virpino
346 674 526 752 procurante
557 665 725 730 Cbnnrado
753 665 891 728 similiter
920 664 1045 730 obtinuit
1067 663 1225 750 personale

57 775 236 851 beneficium,
258 783 292 840 ut
307 778 415 842 liceret
436 777 493 842 sibi
518 773 638 840 easdem
669 775 879 858 possessiones
899 779 1033 860 tempore
1055 774 1116 838 uite
1133 795 1187 838 sue
1209 794 1226 836 a

58 884 236 950 Gotwicensi
251 887 431 950 monasterio
454 884 623 970 possidere.
656 883 772 946 Deinde
791 884 892 948 Gioo‘lo
913 882 1014 966 nupsit
1034 882 1225 948 Wcrnbcrdo

56 993 89 1058 de
104 994 283 1081 Morspoob,
300 993 338 1057 de
361 1014 418 1078 quo
435 991 512 1056 filios
528 995 694 1075 generauit.
718 993 834 1056 Mortuo
852 992 1048 1060 Werabnrdo
1072 992 1110 1056 de
1125 992 1227 1057 Mora-

55 1103 141 1189 poob.
167 1102 273 1166 eadem
301 1103 401 1168 Gisilc
418 1101 553 1185 copulata
571 1109 617 1166 est
638 1102 766 1168 dlromo
788 1101 825 1164 de
847 1102 1021 1185 Houedorf,
1045 1105 1076 1164 et
1099 1100 1166 1186 quia
1189 1100 1225 1164 ad

57 1211 138 1283 filios,
155 1231 231 1295 quos
241 1211 478 1276 deWerabordo
486 1216 671 1296 susceperat,
687 1215 748 1276 tota
760 1208 1145 1280 deuoluebaturbereditas,
1160 1209 1225 1293 ipsa

56 1323 174 1388 dtromo
186 1321 341 1406 predictas
354 1322 564 1404 possessiones
581 1320 619 1384 de
634 1321 725 1392 facto,
744 1339 811 1382 cum
828 1318 865 1381 de
882 1320 945 1382 iure
961 1337 1019 1382 non
1029 1302 1134 1402 posset
1150 1337 1224 1382 oon·

53 1429 123 1501 tulit,
145 1429 197 1514 qui
227 1429 316 1492 etiam
339 1449 389 1494 eas
414 1450 469 1512 pro
492 1450 546 1492 sue
569 1428 729 1492 uoluntatis
756 1425 880 1490 arbitrio
904 1426 1093 1510 disponebat,
1117 1425 1224 1490 nullam

54 1539 313 1602 contradictionem
337 1559 353 1600 a
376 1537 444 1600 filiis
463 1537 650 1603 Werabordo'
673 1535 857 1600 sustinendo.
882 1535 1069 1600 Procedente
1089 1539 1225 1618 tempore

54 1645 124 1710 idem
140 1647 289 1712 Adramue
312 1653 342 1710 ct
358 1666 430 1710 uxor
452 1645 517 1708 eius
540 1646 641 1711 Giailc
663 1644 851 1728 suspicantes
874 1665 890 1707 a
915 1643 1100 1708 Gotwicensi
1124 1664 1225 1708 mona·

54 1756 148 1828 sterio,
173 1776 209 1820 eo
229 1756 307 1840 quod
328 1753 454 1842 Vorpo'nu
468 1759 579 1818 tantum
595 1754 631 1818 ad
648 1754 804 1818 terminum
820 1754 881 1818 uite
894 1774 948 1818 sue
964 1752 1085 1817 easdem
1102 1773 1235 1839 posses·¹

55 1864 149 1928 siones
166 1864 346 1956 obtinuerat,
372 1863 431 1928 sibi
446 1863 529 1928 litem
550 1863 665 1936 inferri,
686 1861 763 1926 filios
781 1863 971 1930 Wcraabardi
987 1863 1016 1925 in
1032 1862 1227 1947 preiudioium

53 1971 250 2038 Gotwicensis
275 1972 425 2046 ecclesie,
443 1975 589 2057 tamquam
613 1973 672 2056 ipsi
695 1976 799 2035 essent
819 1970 944 2053 legitimi
965 1991 1171 2042 successores,
1194 1975 1228 2034 ut

52 2103 103 2165 per
130 2103 183 2146 eos
215 2083 373 2145 conventui
403 2083 548 2146 resistere
575 2080 727 2152 ualerent,
756 2079 788 2142 in
810 2080 1033 2162 possessionem
1062 2079 1225 2144 earundem

55 2191 187 2254 uillarum
204 2210 307 2254 secum
324 2190 436 2274 pariter
454 2187 645 2260 admiserunt,
670 2194 795 2273 excepto
811 2189 876 2252 iure
887 2189 1061 2252 instituendi
1082 2194 1113 2252 et
1129 2188 1226 2252 desti-

54 2300 150 2364 tuendi
182 2300 317 2364 colonos.
364 2299 487 2362 Densum
519 2298 687 2375 Heinricoo
715 2298 752 2361 de
785 2295 905 2384 Cbrripe
932 2296 1007 2360 iilius
1037 2298 1227 2369 Eberhardi,

53 2410 181 2474 eiusdem
208 2408 309 2473 uisite
335 2405 434 2480 filiam,
481 2407 613 2472 Gioilom
640 2409 834 2490 nuncupatam
867 2407 898 2470 in
930 2426 1051 2470 uxorem
1085 2406 1224 2470 traduxit.

56 2516 164 2600 Quibus
190 2516 392 2581 Gotwicensis
412 2516 541 2579 ecelesia
566 2517 633 2599 quia
658 2517 687 2578 in
708 2515 772 2578 iure
794 2515 926 2599 potiores
952 2514 1126 2579 uidebantur
1142 2515 1224 2580 litem

52 2627 147 2700 mouit,
184 2645 244 2710 que
268 2624 415 2688 mediante
442 2625 621 2690 Hodemcro
649 2624 686 2688 de
714 2624 935 2710 Cbonorinpen
958 2643 1014 2707 per
1040 2622 1226 2686 amicabilem

55 2737 298 2820 compositionem
325 2733 381 2796 fuit
410 2732 508 2796 taliter
536 2733 648 2817 sopita,
679 2737 710 2796 ut
739 2736 903 2796 conuentus
934 2729 1134 2795 Gotwicensis
1165 2738 1226 2796 tam

50 2863 100 2925 pro
128 2841 375 2928 possessionibus
401 2841 597 2926 supradictis,
622 2862 709 2926 quam
732 2861 786 2925 pro
810 2840 977 2904 bominibus
1009 2846 1127 2906 centum
1150 2847 1180 2906 et
1200 2841 1226 2904 X

52 2954 158 3018 talenta
181 2955 260 3037 ipsis
279 2950 477 3034 persolueret.
502 2949 565 3014 Hac
587 2951 712 3034 pecunia
734 2950 829 3012 soluta
847 2950 950 3015 Gisila
971 2958 1002 3016 et
1020 2953 1144 3016 maritus
1161 2952 1225 3014 eius

52 3063 107 3125 iuri
126 3083 182 3126 suo
207 3060 334 3146 siquod
358 3059 470 3123 babere
492 3059 684 3131 uidebantur,
708 3057 829 3142 publice
854 3059 1107 3124 renuntiauerunt.
1132 3058 1224 3122 Porro

50 3191 111 3236 oum
135 3169 340 3236 Gotwicensis
362 3167 493 3232 ecelesia
515 3168 676 3231 eorundem
693 3166 863 3250 prediorum
888 3169 974 3230 nacta
998 3172 1081 3232 esset
1101 3185 1226 3250 posses-

50 3280 176 3351 sionem,
207 3284 238 3342 et
260 3277 310 3341 diu
337 3279 365 3340 in
391 3298 468 3362 pace
495 3276 681 3362 possideret,
712 3277 881 3340 Heiomros
904 3282 935 3339 et
960 3276 1029 3342 Otto
1053 3277 1163 3339 fratres
1188 3274 1225 3340 de

51 3388 224 3477 Moropaob
248 3407 347 3452 eoram
371 3386 456 3450 nobis
480 3390 510 3449 et
534 3385 652 3449 dominc
680 3362 782 3450 dtrico
803 3384 969 3467 pataviensi
986 3385 1128 3468 episcopo
1152 3404 1225 3466 pre-

53 3496 130 3562 dioto
151 3496 314 3560 conuentui
334 3496 416 3558 litem
436 3493 615 3565 intulerunt,
640 3498 822 3564 asserentes,
847 3493 926 3576 quod
942 3493 1047 3562 eadem
1069 3493 1173 3576 predia
1189 3493 1227 3558 ad

49 3606 129 3688 ipsos
146 3607 216 3670 iure
232 3603 413 3668 hereditario
427 3603 576 3673 deuolute,
593 3602 701 3666 iniuste
714 3602 913 3667 Gotwicensis
923 3601 1053 3667 eeclesia
1066 3602 1235 3676 detineret„

49 3715 119 3779 ticet
145 3719 317 3785 constaret,
349 3711 425 3798 quod
454 3711 609 3796 predictus
638 3715 801 3776 conuentus
827 3731 883 3794 per
914 3710 1094 3775 definitiuam
1125 3712 1227 3777 iudicii

53 3825 234 3888 sententiam
258 3843 294 3886 ea
318 3823 494 3906 optinuerat,
518 3823 549 3884 et
570 3820 637 3904 quia
662 3819 830 3902 personalis
848 3820 987 3885 extiterat
1010 3821 1177 3894 concessio,
1197 3827 1228 3886 et

50 3932 115 3996 ideo
141 3933 180 3996 ad
199 3931 330 3995 beredes
346 3932 499 3995 successio
515 3950 575 3994 non
590 3928 740 4003 currebat,
765 3934 795 3992 et
812 3928 891 4014 quod
913 3931 1082 3994 interuentu
1103 3931 1229 4014 pecunie

51 4063 66 4106 a
84 4042 233 4126 legitimis
256 4039 417 4104 heredibus
446 4043 510 4103 erat
530 4038 714 4102 renunciatio
736 4037 897 4102 celebrata.
934 4037 1068 4103 Tandem
1087 4039 1172 4105 nobis
1199 4046 1230 4105 et

50 4151 189 4236 predicto
213 4151 357 4234 episcopo
379 4146 576 4213 mediantibus
604 4146 657 4210 tali
679 4149 882 4211 transactione
908 4145 944 4210 lis
972 4147 1028 4212 fuit
1055 4151 1166 4233 sopita,
1197 4155 1230 4214 ut

48 4261 121 4346 ipsis
145 4259 288 4323 fratribus
310 4259 448 4322 Hearioo
473 4261 504 4320 et
534 4257 641 4322 ononi
664 4262 694 4320 et
718 4257 814 4320 sorori
837 4277 939 4320 eorum
961 4259 1086 4342 Hoplea
1113 4278 1229 4323 nuncu-

53 4375 133 4454 pate,
157 4353 324 4435 conuentus
337 4365 539 4431 Gotwicensis
553 4365 784 4450 quadringentas
805 4364 896 4428 libras
905 4364 1099 4430 Wienneosis
1112 4371 1229 4433 monete

50 4479 251 4564 persolueret,
272 4485 302 4541 et
323 4481 488 4542 conuentus
505 4473 703 4538 Gotwicensis
720 4475 839 4538 easdem
860 4475 1068 4558 possessiones
1088 4476 1229 4562 deinceps

54 4588 149 4654 libere
165 4592 199 4652 et
214 4587 342 4672 pacifice
357 4587 538 4671 possideret.
563 4583 625 4648 Hec
641 4588 737 4648 autem
753 4585 878 4668 pecunia
895 4583 1000 4648 eodem
1019 4605 1105 4660 anno,
1127 4607 1184 4672 quo
1202 4595 1232 4652 et

921 4690 980 4746 19*
