3074 5094
283 341 379 412 342·

282 535 423 598 Dominus
448 533 663 598 Waralrardas
682 533 721 596 de
737 533 917 620 Raospacb.
944 532 1088 598 Dominus
1111 533 1285 598 Heinricas
1302 533 1341 595 de
1360 533 1460 596 Trana.

281 643 423 706 Dominus
455 643 575 707 Vilicus
599 643 636 705 de
660 642 782 718 Smido,
809 642 998 706 Cluaanradas
1015 641 1053 704 de
1072 644 1214 728 Capella.
1250 641 1460 711 Wermbardaa,

280 752 436 822 bitricus,
459 752 637 837 Wolfinyas,
661 749 733 814 dicti
750 751 861 814 fratres
885 750 923 814 de
949 752 1108 815 Hcaslcin.
1134 752 1217 826 ouo,
1241 749 1457 836 Marpaardus,

278 859 437 922 iratresde
452 859 666 924 Wildcnstaia.
686 859 885 930 Cleomedon
903 859 1083 922 Leutwious
1099 857 1335 944 deHarmpacb.
1352 859 1460 928 Albam,

279 967 459 1032 Leatwinas
480 965 518 1028 de
534 966 724 1052 Harnpaclo.
744 967 943 1041 Cbaarudus,
970 967 1145 1064 Vlricas'dc
1158 967 1266 1030 Faert.
1288 966 1461 1031 Clrolomao·

279 1098 348 1148 now,
363 1075 520 1149 Andreas,
537 1075 714 1160 Hiltpaoas,
733 1073 827 1136 etalii
841 1093 928 1158 quam
944 1073 1056 1156 plures.
1074 1074 1182 1136 Datum
1198 1073 1460 1138 inSanneaberol.

278 1184 362 1246 Anno
387 1182 503 1246 domini
528 1182 570 1245 M?
592 1180 784 1244 CCt’LXXX‘!
811 1201 900 1245 nono.
931 1183 959 1244 in
983 1181 1033 1244 die
1061 1181 1089 1244 b.
1116 1181 1248 1244 Mauritii
1276 1179 1414 1263 martyris
1437 1185 1462 1242 et

277 1292 427 1355 sociorum
444 1291 520 1356 eius.

349 1452 390 1506 dn
410 1453 460 1506 den·
479 1453 544 1505 sehr
564 1451 709 1506 verietaten
727 1449 852 1504 Urlrunde
871 1450 974 1518 bingen
992 1449 1048 1504 drei
1063 1450 1170 1519 Siegel:
1190 1453 1225 1518 a)
1240 1451 1409 1504 Leutwini
1427 1450 1461 1502 de

277 1541 481 1596 Sunnhereb
502 1540 668 1612 (ilanthaler,
692 1541 805 1594 Recens.
817 1539 849 1601 ll,
868 1541 921 1594 tab.
936 1539 1009 1592 xliv.
1032 1539 1077 1593 Nr.
1098 1540 1163 1611 19);
1191 1541 1224 1606 b)
1255 1540 1413 1594 Leutoldi
1430 1539 1461 1592 de

277 1630 462 1702 Chunring‚
482 1632 536 1685 und
555 1634 584 1700 c)
609 1629 780 1700 Piligrimi
802 1630 842 1683 de
862 1630 1025 1701 Capella.
1046 1629 1211 1684 cononici
1233 1631 1349 1685 Pater.

810 1869 935 1940 LXXll.
973 1899 975 1904 ·

275 2025 352 2084 129³.
372 2026 412 2085 lu.
426 2025 491 2084 dull.
511 2023 659 2096 tuttueig.
673 2054 710 2063 —
723 2023 785 2078 ouo
799 2023 847 2076 der
859 2023 937 2076 Piber
951 2025 1056 2091 entsagt
1068 2023 1145 2076 aliern
1160 2022 1286 2077 ierneren
1298 2023 1405 2082 Streite.
1418 2023 1459 2075 dea

276 2135 306 2171 er
318 2119 366 2171 mit
380 2119 512 2186 thtweig
525 2118 590 2170 tiber
604 2115 646 2168 die
663 2115 805 2168 Einlninite
826 2131 877 2168 von
890 2114 1013 2168 dreizehn
1027 2113 1177 2168 lloists'ntten
1196 2115 1223 2167 in
1237 2117 1339 2184 Gbsing
1358 2117 1460 2186 geiu'rbrt

276 2210 376 2264 welche
392 2209 448 2262 sein
461 2209 606 2276 Schwager
619 2206 709 2275 Ruger
728 2223 778 2260 von
790 2205 872 2258 Prunt
886 2205 945 2258 dem
958 2205 1026 2258 nuto
1040 2205 1162 2259 lleinricb
1176 2207 1301 2260 verknult
1315 2208 1400 2270 batte,
1416 2206 1460 2259 und

275 2301 367 2368 gelobt
380 2299 458 2354 dcitur
469 2297 582 2352 uenum
591 2297 643 2350 und
655 2295 760 2350 Sobirm
770 2314 802 2348 zu
813 2293 907 2348 leisten
918 2312 1004 2366 gegen
1016 2296 1066 2349 alle
1078 2296 1209 2365 etwaigen
1220 2297 1375 2368 Ansprdehe
1384 2295 1459 2350 seiner

699 2385 873 2439 Verwnndten
885 2385 938 2438 und
951 2386 1047 2439 Erben.

803 2495 939 2556 [Original]

364 2661 397 2725 ln
412 2660 541 2724 Nomine
557 2658 676 2722 Domini
692 2659 795 2721 Amen.
819 2659 928 2721 Notum
947 2661 1057 2722 sitiam
1074 2660 1267 2742 presentibus
1285 2681 1373 2744 quarn
1390 2662 1457 2724 futu·

274 2774 316 2835 ris
343 2771 510 2862 litterarum
532 2769 721 2852 presencium
745 2768 987 2852 inspectoribus,
1012 2771 1175 2854 quodcum
1195 2771 1261 2852 Ego
1282 2772 1457 2837 Ottodictus

272 2881 384 2955 Pauor,
412 2877 615 2942 venerabilem
647 2877 677 2938 in
716 2874 840 2939 Christo
875 2881 991 2958 patrem
1031 2897 1067 2941 ac
1099 2877 1249 2942 dominum
1281 2881 1456 2945 Heinriaam

272 2989 418 3052 Abbatem
443 2987 617 3050 Monasterii
643 2985 756 3049 Sancte
778 2987 872 3049 Marie
896 2988 926 3050 in
952 2980 1109 3052 detwico
1132 3009 1185 3074 pro
1206 2988 1378 3054 redditibus
1403 2987 1455 3052 lllll

272 3117 409 3161 arearum
425 3097 549 3159 sitarum
574 3093 606 3157 in
626 3095 782 3171 Goanicln,
812 3115 886 3178 quos
910 3097 989 3159 idem
1019 3097 1155 3161 dominus
1183 3097 1278 3162 abbas
1306 3119 1323 3161 a
1348 3098 1455 3162 domiuo

271 3209 397 3294 Rapere
406 3205 444 3268 de
454 3207 557 3270 Prant
570 3209 601 3268 et
612 3225 665 3268 sua
678 3223 781 3277 uxore,
799 3224 864 3267 mea
877 3225 982 3269 sorore
996 3206 1075 3269 dicta
1086 3208 1287 3295 Marpareta,
1302 3210 1351 3272 sui
1364 3227 1455 3270 mona·

272 3313 358 3378 nterii
375 3315 494 3376 nomine
512 3317 754 3395 comparauerat‚
772 3312 967 3395 impeterem,
991 3318 1022 3376 et
1047 3335 1084 3377 ex
1099 3314 1319 3378 informacione
1337 3317 1454 3380 virorum

272 3421 474 3486 discretorum
489 3420 607 3506 snullum
631 3419 686 3484 lus
708 3420 739 3483 in
757 3421 973 3503 prenominatis
992 3419 1079 3486 bonis
1099 3443 1146 3486 me
1166 3422 1281 3486 habere
1300 3443 1453 3506 recognos-

271 3549 382 3601 cerem,
399 3528 573 3594 renunciaui
589 3531 621 3592 et
643 3529 723 3591 cessi
738 3527 817 3592 bona
838 3528 991 3593 uoluntate
1012 3531 1093 3594 omni
1110 3531 1221 3594 actioni
1236 3535 1269 3594 et
1284 3530 1370 3605 duri,
1387 3529 1452 3615 quod

270 3639 362 3702 michi
379 3638 410 3700 in
437 3635 594 3721 prelibatis
612 3635 856 3719 possessionibus
881 3641 912 3700 et
933 3637 1066 3720 ipsorum
1089 3639 1274 3703 accidenciis
1300 3646 1453 3725 conpetere

270 3744 437 3817 videbatur,
457 3745 658 3826 obligansme
680 3744 718 3808 ad
741 3743 865 3807 tutelam
891 3749 921 3808 et
937 3745 1142 3810 defensionem
1156 3747 1369 3830 predandam,
1387 3745 1451 3833 quod

270 3853 437 3936 vulgariter
454 3855 549 3918 Gwcr
564 3858 595 3916 et
607 3852 739 3918 Sclerm
752 3851 871 3926 dicitur,
888 3855 914 3916 si
925 3855 1070 3941 Raparas
1082 3857 1176 3918 irater
1188 3875 1284 3928 meus,
1297 3862 1350 3920 aut
1361 3859 1451 3923 uon·

269 3963 356 4027 dicta
368 3981 455 4024 soror
468 3981 544 4033 mea.
561 3962 611 4026 uel
628 3960 735 4045 aliquis
749 3961 932 4025 coheredum
942 3982 1076 4026 meorum
1094 3965 1123 4026 in
1139 3968 1291 4048 posterum
1306 3965 1451 4031 occasione

269 4070 394 4135 alicuius
416 4069 476 4135 litis
493 4071 730 4154 prenominatum
751 4070 901 4133 dominum
918 4070 1056 4135 abbatem
1078 4077 1129 4136 aut
1149 4055 1236 4136 suum
1251 4074 1450 4139 monasterium

269 4200 325 4263 pro
347 4179 434 4244 bonis
455 4179 635 4263 prescriptis
658 4179 806 4260 impetere
833 4179 958 4244 forsitan
985 4179 1115 4245 voluerit
1138 4187 1188 4245 aut
1217 4188 1384 4265 presumet.
1424 4179 1449 4241 ln

269 4291 354 4352 cuius
384 4289 431 4353 rei
457 4288 658 4352 testimonium
686 4291 846 4371 presentes
878 4287 995 4352 litteras
1028 4287 1136 4371 Sigillo
1168 4288 1281 4353 domini
1301 4291 1400 4358 Vll-iai
1420 4289 1449 4352 de

270 4399 402 4484 Capella
418 4401 449 4460 et
462 4397 561 4481 sigillo
578 4397 700 4481 proprio
716 4395 775 4480 ipsi
793 4395 912 4461 domino
926 4397 1027 4461 abbati
1045 4403 1076 4461 et
1087 4418 1140 4462 suo
1153 4401 1340 4464 munasterio
1354 4395 1448 4464 tradidi

268 4507 474 4589 consignatas.
506 4505 618 4570 Testes
640 4510 708 4568 sunt
730 4504 866 4568 dominus
881 4505 1054 4593 Pilprimus
1077 4505 1114 4570 de
1138 4508 1274 4594 Capella
1292 4507 1447 4573 canonicus
