3122 5096
290 325 339 395 42

288 505 406 587 peteret
422 497 623 566 contraderet.
650 496 743 578 Quam
760 503 876 580 partem
901 496 1130 564 Werinlrnrdno
1153 501 1261 580 rogatu
1283 495 1428 560 Aoemini
1449 495 1483 558 ad

288 613 381 676 altare
396 610 429 674 S.
446 610 541 673 ltlarie
557 604 710 687 delegauit
725 627 779 688 pro
797 606 892 670 tribus
910 607 1020 672 mareis
1037 611 1067 671 et
1085 627 1143 670 uno
1161 627 1247 692 equo.
1273 605 1368 668 lluius
1384 609 1485 667 mutue

287 720 437 806 pactionis
469 723 564 783 testes
595 734 650 798 per
681 734 784 778 aurem
815 720 884 778 sunt
915 715 1051 780 adtracti.
1084 715 1222 803 Siqifm't.
1255 712 1486 800 ldselrinprelrt.

287 829 474 917 Hiltiprelrt.
499 829 617 893 llbrcn.
649 826 768 891 Ermin.
794 824 911 890 Snello.

819 1009 955 1082 ccxix.

380 1155 527 1219 Nouerint
543 1173 661 1238 quoque
677 1173 781 1216 omnes
799 1150 913 1214 Christi
929 1150 1078 1231 sanguine
1091 1148 1254 1232 redempti.
1272 1147 1488 1232 quodquidam

290 1263 377 1326 homo
394 1262 553 1344 ingenuus.
585 1259 623 1322 N.
654 1261 854 1326 llrlclmnarna
876 1279 1009 1322 mansum
1037 1278 1125 1320 unum
1143 1277 1210 1323 cum
1227 1258 1365 1341 pomario
1383 1277 1444 1320 uno
1462 1263 1490 1318 et

290 1371 378 1434 uinea
395 1371 484 1434 situm
502 1367 538 1433 ad
555 1370 727 1458 chtlnpin
745 1367 898 1451 delegauit
909 1369 939 1429 in
953 1384 1069 1429 manum
1085 1368 1205 1432 sororis
1216 1387 1281 1431 sne.
1299 1365 1337 1428 N.
1356 1367 1488 1430 Alrnne.

291 1499 326 1542 ea
342 1479 469 1542 ratione.
488 1479 520 1540 ut
535 1477 601 1561 ipsa
619 1475 698 1541 huno
715 1483 784 1561 post
800 1476 910 1540 obitum
926 1475 1022 1558 ipsius
1039 1475 1075 1538 ad
1094 1475 1187 1538 altare
1205 1475 1238 1538 S.
1253 1474 1350 1539 llario
1369 1479 1489 1539 contra-

292 1587 387 1651 deret.
412 1585 604 1650 Postmodum
621 1585 690 1672 ipre
705 1586 898 1652 renuncians
913 1585 1018 1649 secolo
1036 1602 1102 1646 oum
1120 1603 1209 1646 manu
1222 1585 1358 1648 eiusdem
1374 1587 1488 1648 sororis

292 1697 388 1778 ipsius
398 1696 478 1758 idem
488 1693 667 1758 beneficium
680 1695 717 1758 ad
730 1695 823 1759 altare
836 1691 1084 1776 prenominatum.
1099 1695 1252 1775 potestiua
1263 1713 1354 1758 manu
1367 1699 1488 1759 contra-

293 1805 377 1868 didit.
403 1801 494 1866 Cuius
523 1802 568 1865 rei
590 1805 692 1866 extant
712 1803 811 1867 idonei
835 1805 931 1866 testes
953 1800 993 1862 hi.
1019 1800 1126 1865 Anido.
1157 1801 1333 1884 imperem..
1356 1803 1490 1868 Wrelcnt

293 1921 323 1976 et
335 1914 443 1996 frater
458 1912 526 1976 eius
543 1913 633 1976 Pero.
662 1912 776 1976 Tiemo.
804 1907 959 1974 Gemmclr.
984 1905 1110 1992 undolf.

829 2096 950 2165 CLXX.

385 2238 421 2302 ut
437 2238 494 2301 hoc
519 2241 619 2301 notum
642 2238 680 2300 sit
702 2236 838 2300 omnibus
861 2235 989 2319 qualiter
1006 2236 1067 2299 duo
1081 2258 1228 2324 peonnam
1223 2239 1366 2320 fratres
1385 2239 1489 2305 Clusin-

293 2348 392 2413 radus
415 2355 445 2412 et
470 2321 639 2411 ddalmmrs
660 2346 709 2408 de
719 2345 815 2409 liant
789 2345 892 2432 tonpin
917 2343 1135 2425 delegauerant
1157 2345 1195 2408 ad
1218 2347 1348 2410 eundem
1364 2350 1490 2430 tytulum

292 2459 410 2520 cineam
428 2474 515 2518 unam
533 2459 562 2516 et
578 2453 662 2578 duo'
653 2471 759 2533 iugera
782 2452 831 2515 his
847 2451 976 2514 testibus
998 2451 1149 2516 adhibitis.
1175 2455 1379 2520 Adaldertnc.
1409 2459 1489 2522 ono.

298 2565 436 2630 Goarcin.

720 2694 844 2765 CLXXI
863 2701 897 2765 et
915 2693 1066 2766 CLXXII.

387 2836 496 2902 Notum
510 2835 548 2898 sit
560 2834 696 2899 omnibus
705 2831 817 2898 Christi
830 2835 976 2917 sanguine
990 2837 1164 2920 redemptis.
1178 2838 1307 2920 qualiter
1319 2815 1492 2908 (ldclrieur

297 2946 410 3011 nobilia
426 2946 466 3010 de
482 2944 642 3010 Pernelrlse
666 2942 818 3026 delegauit
840 2943 976 3028 predium
1002 2945 1037 3007 ad
1058 2945 1307 3033 Stcncpeisdorf
1316 2949 1408 3012 situm
1425 2973 1490 3014 oum
1552 2925 1553 2928 Ἴ

296 3053 454 3136 mancipiis
470 3053 631 3134 irmingart
643 3051 830 3116 etFriderun
843 3072 910 3116 cum
926 3052 1063 3118 omnibus
1075 3054 1135 3118 illis
1148 3055 1186 3119 ab
1198 3076 1235 3120 eo
1248 3059 1386 3140 prestitis
1401 3079 1492 3143 super

296 3162 390 3226 altare
407 3162 440 3226 S
457 3161 581 3225 ltlarie
574 3181 604 3223 m
619 3161 773 3245 proprium
789 3163 835 3226 ius
852 3161 994 3226 fratribus
1011 3162 1060 3227 hic
1078 3162 1135 3228 deo
1159 3165 1372 3229 seruientibus.
1400 3167 1491 3230 Huius

297 3271 467 3335 traditionis
484 3275 579 3335 testes
596 3275 705 3334 extant.
727 3272 886 3336 Waltriclr.
907 3273 987 3338 ouo.
1000 3272 1156 3360 Sipilen.
1174 3275 1344 3422 Manepolt
1363 3275 1493 3340 lnuesti-

298 3385 366 3445 ture
385 3380 546 3446 Woltm‘elr.
571 3379 726 3463 Sipilrnrt.

389 3490 474 3554 Idem
491 3489 578 3554 etiam
597 3467 713 3555 duat·
669 3491 766 3554 lrrcus
784 3489 937 3572 delegauit
950 3488 1030 3554 aliud
1042 3489 1180 3572 predium
1192 3493 1281 3556 situm
1298 3492 1337 3556 ad
1350 3493 1492 3559 naamon.

299 3599 418 3664 scilicet
435 3597 614 3662 dominicale
630 3619 719 3662 unum
736 3603 766 3661 et
782 3598 982 3663 molendinum
999 3597 1036 3660 ad
1054 3619 1144 3682 supra
1158 3605 1352 3664 memoratum
1366 3603 1494 3686 tytulum

298 3708 447 3792 predictis
463 3705 591 3771 testibus
612 3707 749 3772 adscitis.

814 3841 979 3912 CLXXlll.

333 3961 337 3968 ⁴
392 3981 457 4044 Alio
470 3986 605 4064 tempore
621 3981 705 4046 idem
717 3981 861 4046 dominns
875 3957 1044 4046 (ldclricns
1060 3979 1185 4044 tradidit
1197 3982 1234 4046 ad
1247 3983 1342 4047 altare
1353 3986 1388 4050 S.
1402 3987 1496 4052 llario

299 4091 465 4157 ecclesium
482 4091 526 4154 od
541 4089 729 4177 lrcpcndorf
744 4091 830 4153 sitam
853 4110 921 4153 cum
938 4088 1008 4155 dote
1025 4091 1112 4153 trium
1129 4091 1275 4154 mansium
1296 4095 1494 4176 quantitatem

299 4200 469 4265 habentem.
498 4203 529 4262 et
555 4198 702 4304 mancipia
731 4199 856 4282 plurima
888 4199 1016 4304 quedam
1045 4199 1083 4264 ad
1108 4199 1301 4264 cottidianum
1330 4205 1494 4270 seruicium

299 4327 425 4396 quorum
443 4311 511 4372 sunt
527 4308 654 4372 nomina.
681 4279 737 4370 (lta
754 4310 785 4369 et
801 4305 899 4370 lilii
871 4327 947 4371 ems
973 4279 1254 4374 (latrunculorum.
1272 4308 1376 4374 Riliut.
1401 4313 1495 4378 Diem

300 4424 330 4482 et
347 4417 444 4482 tilrr
417 4437 483 4480 erus
498 4414 667 4480 Frrderrch
694 4415 835 4479 Gundolt.
861 4415 964 4480 Gisila.
990 4416 1103 4480 Aziwib
1121 4422 1152 4479 et
1168 4416 1265 4480 filu
1238 4438 1314 4482 erus.
1339 4420 1450 4486 Marde
1467 4431 1496 4486 et

298 4525 397 4589 filii'
370 4547 446 4589 erus.
464 4525 614 4590 Adalbero
631 4525 726 4588 frater
743 4525 817 4588 eius.
843 4523 957 4588 Pezilie
974 4529 1004 4588 et
1020 4524 1116 4589 frater
1132 4528 1197 4591 eius
1214 4527 1381 4594 Hartwich.
1401 4531 1496 4597 Liuia
