3122 5096
749 599 861 670 XClll.
883 606 916 670 et
935 599 1044 672 xulv.

391 739 538 808 Noueriut
560 737 696 802 uniuersi
722 737 834 802 Christi
858 740 1004 820 sauguine
1027 739 1186 822 redempti.
1216 739 1344 822 qualiter
1369 739 1496 804 dominc

301 847 432 935 Soployc
449 848 640 914 Hcrimcnni
654 848 740 934 repis
755 849 872 912 relicta
887 847 1012 912 tradidit
1029 847 1065 910 ad
1083 847 1178 910 altare
1193 847 1224 910 S.
1239 848 1334 935 ltlarie
1346 848 1496 934 predium

301 956 449 1039 quoddam
465 957 641 1042 Mepinoldi
663 957 774 1020 dictum
797 957 911 1022 habens
934 957 1022 1020 trium
1041 956 1233 1040 quantitatem
1251 941 1422 1018 rnansorum
1439 961 1494 1018 tam

302 1084 356 1147 pro
373 1084 428 1126 sne
445 1065 541 1127 anime
558 1083 644 1147 quam
667 1085 722 1147 pro
744 1065 878 1128 remedio
895 1069 1051 1147 parentum
1068 1068 1271 1148 utrorumque.
1294 1063 1387 1128 Huius
1404 1065 1495 1130 tradi·

300 1174 390 1235 tionis
419 1178 488 1234 sunt
516 1172 624 1234 adsciti
652 1176 747 1235 testes
776 1173 851 1238 satis
881 1172 991 1236 idonei.
1024 1173 1095 1237 Otto
1113 1173 1202 1258 filius
1218 1174 1357 1237 eiusdem
1374 1173 1493 1260 reqinc.

303 1280 473 1368 Woonpon.
500 1279 1040 1345 quantulamquamque.
1070 1279 1173 1344 necto.
1199 1257 1364 1346 duareno.
1391 1282 1493 1346 zeto.

300 1389 424 1452 Dimur.
445 1389 526 1452 Otto.
552 1387 732 1450 lnuestiturc
752 1387 834 1451 otto.

392 1496 456 1578 Qua
472 1496 555 1559 hora.
581 1517 638 1582 quo
661 1495 728 1559 loco
751 1498 840 1559 ctiam
863 1495 1020 1578 predictus
1040 1496 1203 1584 Wiclopoto
1219 1495 1343 1559 tradidit
1359 1496 1495 1580 predium

302 1605 451 1690 quoddam
475 1605 506 1667 in
531 1605 699 1670 Mucdlant
720 1605 808 1667 situm
833 1605 870 1666 ob
896 1603 1057 1668 remedium
1078 1607 1174 1668 anime
1191 1605 1291 1668 uxoris
1307 1626 1363 1668 suc
1379 1607 1495 1669 nouiter

302 1715 442 1777 defuncte
460 1719 491 1777 et
507 1715 583 1797 apud
602 1734 656 1777 nos
674 1713 792 1798 sepulte
810 1712 865 1776 suh
882 1712 1011 1776 testibus
1029 1715 1203 1796 prenotatis.

761 1879 855 1950 XCV.
877 1887 910 1954 et
928 1879 1038 1952 xcvi.

391 2020 539 2086 Nouerint
562 2026 621 2084 tam
645 2021 794 2104 presentis
817 2021 864 2083 eui
887 2019 994 2084 fideles
1011 2041 1099 2104 quam
1115 2039 1219 2084 eorum
1235 2019 1300 2084 loco
1318 2024 1492 2086 successuri

299 2129 433 2192 heredes
456 2128 585 2213 qualiter
611 2127 731 2212 quidam
761 2129 870 2196 nobilis
902 2129 1146 2196 Marelcwardus
1174 2132 1281 2210 rogatu
1309 2131 1412 2194 uxoris
1441 2152 1495 2195 sue

299 2238 456 2302 Mctdildc
477 2237 601 2300 tradidit
624 2237 802 2302 dominicale
824 2238 984 2322 quoddam.
1010 2237 1126 2300 uincam
1149 2241 1179 2298 et
1203 2237 1405 2301 molendinum
1424 2259 1488 2302 cum

300 2347 487 2429 appendiciis
512 2347 575 2408 suis
596 2345 673 2429 apud
696 2347 832 2411 Piclalca
855 2347 912 2410 sita
935 2346 971 2408 ad
994 2345 1088 2407 altare
1106 2343 1138 2406 S.
1156 2343 1252 2406 Marie
1275 2345 1422 2408 fratribus
1445 2345 1494 2409 die

299 2458 457 2538 noctuque.
484 2454 532 2516 dei
556 2455 769 2537 omnipotentis
794 2453 933 2536 genitrici
963 2451 1177 2516 seruientibus.
1206 2453 1299 2516 Huius
1323 2453 1493 2541 traditionis

298 2567 394 2626 testes
410 2563 509 2626 idonei
527 2563 675 2626 habentur
687 2563 823 2645 presenti
836 2562 945 2644 pagina
960 2561 1132 2644 conscripti.
1150 2561 1320 2648 Manepnd.
1338 2563 1493 2628 Dicimur.

262 2689 267 2710 ·
297 2671 473 2736 Hcrtwiclo.
491 2672 592 2758 nepio.
613 2671 774 2736 Meribnto.
795 2670 977 2736 Ellinwicle.
998 2666 1301 2736 declamatorem.

388 2780 469 2843 ldem
487 2781 575 2842 ctiam
600 2781 845 2845 Morelowcrdcs
867 2780 972 2844 eadem
990 2780 1063 2844 hora
1080 2779 1136 2842 suh
1154 2779 1268 2842 eisdem
1287 2779 1416 2843 testibus
1434 2785 1496 2844 tra·

299 2889 375 2952 didit
392 2889 472 2951 aliud
491 2888 670 2952 dominicale
687 2888 723 2950 ad
742 2889 869 2951 cundem
886 2886 1012 2972 tytulum
1030 2887 1063 2949 S.
1081 2887 1176 2950 Maris
1192 2888 1501 2972 Marcdcoarto‘sdorf

299 2997 411 3061 dictum
428 3018 494 3060 cum
512 2995 628 3060 duabus
647 2998 743 3060 uineis
769 3001 799 3058 ct
822 2997 954 3060 ecclesie
974 3002 1103 3082 purtem
1126 3014 1213 3077 quam
1237 3015 1305 3058 cum
1328 2995 1494 3061 Fn'derieo

299 3105 431 3169 habebat
458 3124 655 3169 communem.
684 3103 747 3168 llec
774 3103 873 3166 omnia
896 3102 1018 3166 donauit
1039 3102 1120 3167 sicut
1143 3101 1255 3166 dictum
1284 3107 1331 3166 est
1358 3124 1415 3188 pro
1444 3124 1494 3167 sua

300 3235 482 3298 suorumque
499 3219 655 3298 parentum
673 3211 871 3276 absolutione.

830 3361 954 3432 XCVII.

389 3491 514 3558 Nouerit
531 3492 659 3556 omnium
676 3490 787 3555 Christi
809 3491 942 3555 fidelium
962 3495 1023 3556 tam
1040 3511 1168 3574 presens
1184 3497 1250 3554 etas
1267 3511 1353 3575 quam
1372 3513 1498 3556 succes-

301 3625 370 3669 sura
388 3606 560 3688 posteritas.
578 3603 707 3687 qualiter
722 3603 849 3687 quedam
867 3602 978 3666 nobilis
994 3607 1129 3664 matrona
1146 3601 1293 3665 uocabulo
1309 3605 1499 3692 Mcrquretc

302 3715 403 3778 multis
421 3732 494 3794 erga
513 3733 567 3776 nos
584 3711 741 3776 beneficiis
759 3711 871 3775 dedita.
897 3731 957 3798 que
976 3711 1013 3775 ad
1031 3710 1259 3794 Straneisdorf
1275 3731 1410 3776 mansum
1428 3719 1498 3775 ante

301 3823 395 3886 dedit.
429 3823 516 3885 etiam
548 3823 774 3906 possessionem
806 3821 932 3885 duorum
963 3840 1132 3884 mansorum
1166 3826 1197 3882 et
1228 3819 1384 3883 dimidium
1418 3822 1500 3885 iuxta

300 3931 475 3998 Perenicloe
499 3933 585 3994 sitam
611 3937 641 3994 et
662 3931 866 4013 Pennindorf
881 3929 990 3993 dictam
1014 3929 1052 3992 ad
1073 3929 1168 3991 altare
1192 3928 1225 3991 S.
1244 3929 1339 3992 Mario
1362 3931 1499 3994 tradidit.

301 4039 394 4102 Huius
410 4039 581 4103 traditionis
598 4039 722 4102 adhibiti
739 4043 807 4100 sunt
823 4042 928 4101 testes.
947 4037 1132 4125 Wieriqant.
1152 4037 1320 4102 Gcbelsurt.
1338 4038 1499 4126 Piliqrim.

305 4149 450 4233 Wolflcer.
471 4148 605 4214 Vrliocd.
624 4147 822 4213 marchwart
838 4151 868 4208 et
884 4145 962 4210 filius
980 4147 1056 4209 eius.
1074 4145 1209 4208 lnucstit.
1231 4145 1400 4235 Weripant.

829 4314 969 4384 xcvlll.

395 4445 669 4510 Commendandum
686 4449 732 4512 est
749 4448 926 4510 cunctorum
941 4445 1085 4508 memorie
1101 4443 1243 4510 fidelium.
1261 4444 1390 4528 qualiter
1402 4445 1502 4531 priui-

302 4557 414 4638 legium
430 4556 516 4643 repis
531 4555 679 4620 Heinm‘ci
689 4553 839 4619 uidelicet.
854 4548 894 4628 Vl
905 4552 1098 4636 imperatoris
1112 4552 1391 4620 nobiseuctnritate
1408 4575 1503 4640 super
