3122 5096
283 363 306 433 8
420 403 422 409 ,

282 559 373 622 supra
402 536 636 604 subintrabant.
670 542 701 602 at
728 538 768 602 de
795 538 1022 605 dudichicdaclt
1052 539 1089 603 ad
1117 543 1240 622 pontem
1266 539 1297 602 in
1322 538 1475 622 principia

280 645 461 711 nominatum
478 645 606 710 Zionca.

841 797 910 867 Xll.

371 932 481 996 Netum
494 933 533 996 sit
545 933 682 998 omnibus
700 939 805 1000 sancte
823 935 956 1000 ecclesie
973 934 1113 998 lidelibus
1130 935 1208 1019 quod
1226 933 1346 1019 quidam
1365 932 1475 997 nobilis

279 1042 398 1106 nomine
419 1045 555 1130 Rapcto.
578 1041 629 1126 qui
651 1048 757 1126 postea
779 1044 882 1108 seculo
907 1044 1087 1107 renuncians
1105 1042 1262 1106 nobiscum
1279 1045 1327 1105 est
1343 1060 1474 1104 conuer-

281 1154 374 1213 satus.
391 1153 499 1231 rogatu
516 1149 570 1213 filii
586 1151 633 1213 sui
648 1151 846 1216 Adclrummi
866 1151 973 1236 pradia
989 1171 1042 1215 sua
1059 1170 1237 1234 quecunque
1254 1143 1285 1214 e't
1301 1149 1474 1232 ubicunque

280 1259 416 1342 inferius
439 1258 560 1323 anesim
580 1257 703 1322 tluuium
725 1259 830 1322 habuit
851 1279 906 1342 pru
928 1257 1064 1322 remedia
1082 1258 1179 1320 anime
1196 1277 1251 1320 sue
1267 1277 1360 1340 super
1377 1255 1474 1319 altare

281 1365 314 1429 S.
336 1365 431 1427 Maria
452 1366 586 1430 tradidit.
617 1365 711 1430 Huius
736 1366 903 1429 traditionis
926 1371 1022 1430 testes
1045 1387 1102 1449 per
1126 1387 1229 1430 aurem
1252 1365 1382 1428 adtracti
1406 1369 1476 1427 sunt

279 1473 416 1539 comites.
439 1474 652 1559 Enqildcrtua.
682 1480 713 1536 et
735 1473 950 1538 Gebadardus.
976 1474 1141 1540 Odulriclr.
1168 1474 1311 1562 chinie.
1341 1475 1472 1560 Rcffclt.

279 1581 448 1668 chinqer.
476 1582 634 1647 Grtdradc.
655 1582 854 1669 Mcqinwurt.
876 1581 1043 1648 Elrlriricla.
1064 1583 1212 1648 Liutwin.
1240 1583 1357 1669 Otpolt.
1379 1583 1473 1646 Poto.

284 1665 430 1776 (ltprclut.

370 1795 494 1860 Addidit
525 1797 615 1860 etiam
645 1797 793 1880 mancipia
817 1843 938 1860 ......
961 1817 1017 1880 pro
1049 1797 1169 1862 tributo.
1205 1797 1238 1860 V.
1270 1798 1473 1861 denariorum.

281 1902 426 1968 Districh‘.
443 1905 534 1978 liano,
551 1903 685 1968 Rdthart.
703 1902 821 1969 Rridolf.
839 1906 993 1968 Trutnran.
1012 1906 1160 1968 Heriman.
1178 1909 1283 1970 Truta.
1301 1907 1474 1988 irmingart.

280 2011 422 2076 Chuniza.
448 2012 500 2076 lta.
518 2013 683 2078 Gunthere.
708 2012 856 2076 Herirnan.
880 2012 933 2074 lta.
954 2011 1076 2075 Valuza.
1104 2011 1166 2075 Sub
1183 2014 1231 2077 his
1247 2013 1377 2102 testibus
1392 2015 1474 2098 Raf-

273 2122 344 2205 solt.
358 2121 490 2185 Bertolt.
500 2121 622 2188 Atrion
635 2121 739 2186 Wczc'l.
752 2117 880 2204 Raidolf.
893 2120 1019 2186 Sulclto.
1035 2122 1148 2186 Birria.
1161 2121 1299 2209 Siqifrit.
1311 2122 1472 2187 Dietriclr.

276 2227 383 2293 Arida.
400 2230 488 2291 etiarn
505 2229 562 2292 alia
579 2229 664 2293 dedit
680 2230 711 2292 in
726 2229 882 2311 proprium
898 2229 1070 2292 seruieiunr.
1087 2229 1198 2292 Ranae.
1213 2229 1352 2311 ddalger.
1366 2229 1472 2294 Adala.

277 2335 468 2419 Engilpreht.
491 2337 667 2418 Reginhart.
692 2335 885 2400 Wasiburch.
909 2336 1060 2400 Heinrich.
1086 2337 1166 2401 Otto.
1193 2337 1349 2402 Gnanwib.
1372 2332 1471 2401 llirzil.

278 2443 420 2507 Chuniza.
433 2439 573 2508 Herldeh.
588 2443 699 2508 Hesila.
711 2443 826 2508 lleilla.
840 2443 988 2510 Liutlrart.
1000 2443 1142 2510 Wolunlt.
1156 2446 1287 2510 llennnna.
1300 2445 1472 2532 Friderieh.

278 2545 441 2616 Hadaldeh.
472 2545 476 2554 ’

835 2703 918 2773 ΧΙΙΙ.

368 2841 477 2906 Notum
504 2843 543 2904 sit
566 2841 701 2906 omnihus
728 2843 856 2926 qualiter
880 2843 1009 2922 quedam
1026 2843 1145 2906 nomine
1167 2843 1291 2908 Marica
1316 2843 1473 2952 dimidium

276 2949 376 3035 predii
393 2949 440 3014 sui
457 2949 536 3032 apud
562 2950 775 3036 Noppindorf
790 2949 943 3032 delegauit
958 2950 990 3012 in
1011 2971 1126 3014 manum
1149 2951 1301 3017 aduocati
1324 2951 1474 3016 Odclrica'

278 3059 476 3140 delegandum
492 3079 584 3141 super
602 3058 695 3120 altare
712 3059 744 3121 S.
758 3057 862 3122 Maria.
880 3064 981 3120 mutuo
999 3064 1123 3142 receptu
1140 3079 1156 3121 a
1173 3058 1319 3122 iratribus
1336 3059 1473 3122 eiusdem

149 3156 152 3163 ¹
277 3165 337 3230 loci
353 3165 458 3249 predic
477 3167 556 3248 apud
575 3166 757 3252 perstricte.
781 3167 916 3251 exeeptis
933 3169 1027 3250 pratis
1046 3168 1121 3252 qaod
1139 3167 1269 3230 Tobilan
1286 3171 1317 3229 et
1332 3165 1388 3229 filii
1406 3169 1472 3231 eius

278 3295 370 3358 super
392 3274 473 3337 idern
498 3274 592 3338 altare
616 3274 843 3356 delegauerunt.
869 3274 960 3339 Huius
983 3280 1084 3339 mutue
1106 3275 1306 3356 delegationis
1328 3279 1425 3338 testes
1442 3276 1474 3338 hi

278 3403 335 3466 per
352 3403 454 3446 aurem
470 3390 538 3447 sunt
554 3383 692 3446 adtracti.
716 3383 885 3448 Eberdurt.
909 3385 1014 3471 Eppo.
1034 3385 1173 3468 Wolsrcd.
1197 3383 1347 3471 Siqidoto.
1371 3385 1472 3448 Eder-

280 3487 363 3556 ldclr.
382 3491 496 3556 Charo.
1199 3513 1200 3516 ’

832 3639 913 3712 XIV.

369 3777 477 3842 Notum
502 3778 541 3841 sit
563 3778 681 3841 cunctis
703 3784 808 3842 sancte
830 3779 961 3844 ecclesie
977 3779 1047 3843 liliis
1065 3780 1195 3865 qualiter
1209 3783 1329 3866 quidam
1351 3783 1474 3846 nornine

277 3889 388 3954 Nanzo
411 3889 515 3952 seculo
540 3887 742 3951 renuncians.
767 3885 919 3970 delegauit
939 3909 1032 3972 super
1053 3888 1147 3952 altare
1165 3889 1197 3953 S.
1216 3891 1312 3954 narie
1338 3911 1473 3955 rnansunr

278 4017 368 4062 unum
384 3998 464 4061 iuxta
480 3995 601 4060 fluuium
617 3995 691 4060 urla
709 3994 808 4058 situm.

842 4180 909 4252 XV.

368 4319 515 4385 Nouerint
526 4339 629 4384 ornnes
642 4317 755 4383 Christi
773 4319 891 4384 fideles.
909 4319 1120 4406 quodquidam
1133 4321 1472 4388 nornineMarclraucrt.

276 4429 402 4494 tradidit
426 4429 463 4492 ad
487 4427 614 4494 eundem
638 4429 763 4511 tytulum
789 4428 865 4492 duos
889 4447 1008 4492 mansus
1025 4433 1056 4492 et
1072 4429 1226 4493 dimidium
1251 4431 1332 4494 iuxta
1348 4431 1472 4496 fluuium

277 4541 360 4605 urla.
