3122 5096
812 675 936 748 CCLV.

371 813 480 878 Notum
497 816 536 878 sit
552 813 692 878 fidelibus
710 817 837 880 cunctis.
864 813 977 878 Christi
994 821 1090 880 morte
1106 815 1230 879 renatis.
1256 816 1336 899 quod
1354 814 1476 899 quidam

280 921 474 1011 Piliprimus.
498 941 564 984 cum
587 943 693 986 oreore
713 945 772 988 eoo
796 923 898 989 etoile
921 928 952 988 et
970 925 1058 1010 filiis.
1081 925 1120 987 de
1136 925 1189 987 lite
1207 945 1294 1011 quam
1317 925 1348 987 in
1366 923 1475 1008 predio

280 1028 361 1114 quod
379 1028 559 1094 Gantheras
565 1029 727 1116 presbiter
743 1029 830 1095 nobis
843 1031 967 1095 tradidit
978 1031 1136 1095 habebant.
1150 1040 1302 1120 presente
1313 1032 1476 1119 Liapoldo

279 1137 464 1204 marchione
479 1137 508 1199 in
526 1137 612 1200 altari
629 1135 661 1200 S.
679 1137 774 1202 Marte
790 1157 824 1201 se
837 1138 1061 1203 abdicauerunt.
1080 1145 1205 1222 recepto
1218 1141 1301 1223 prius
1315 1139 1352 1202 ab
1366 1121 1476 1203 eodem

281 1245 376 1309 altari.
401 1245 462 1309 vu.
485 1251 516 1309 et
536 1245 572 1307 X.
600 1247 719 1309 marcis.
751 1245 825 1311 Huic
848 1233 1066 1311 confirmationi
1094 1249 1260 1311 intererant
1286 1269 1344 1332 per
1370 1269 1475 1311 aurem

279 1354 407 1418 adtracti
425 1356 456 1418 hi
471 1359 579 1418 testes.
611 1356 682 1420 Otto
698 1356 739 1419 de
753 1357 857 1419 molle.
882 1355 971 1420 Nico.
994 1355 1173 1420 Bertoldue.
1196 1355 1359 1421 Aoaholm.
1384 1357 1475 1421 idem

280 1464 473 1552 Piliprtmres.
492 1463 593 1527 Zeioo.
611 1463 761 1551 Ederper.
779 1467 810 1526 et
826 1459 875 1526 alii
890 1463 984 1526 multi.

807 1648 944 1721 CCLVl.
994 1635 996 1640 ¹

371 1789 517 1852 Nouerint
534 1789 667 1851 uniuersi
684 1788 795 1852 Christi
813 1789 960 1868 sanguine
977 1790 1136 1872 redempti.
1155 1789 1283 1872 qualiter
1294 1791 1476 1876 Liapoldus

279 1897 422 1963 marchio
438 1917 505 1960 cum
522 1917 607 1959 mauu
624 1897 738 1962 aconas
753 1919 809 1961 sae
825 1895 965 1986 Apnetis.
984 1902 1014 1959 et
1031 1897 1181 1980 presentia
1194 1899 1334 1984 filiorum
1344 1920 1477 1964 choram

280 2007 435 2072 Heinrice'.
454 2013 484 2069 et
500 2007 661 2093 Liopoloi.
684 2011 801 2068 astante
818 2007 906 2068 etiam
924 2005 1042 2069 douriuo
1064 2007 1255 2094 Ilepinmoro
1268 2008 1477 2095 puteolensis

279 2115 412 2180 ecclesie
424 2115 581 2202 episeopo.
597 2113 634 2177 ob
648 2115 812 2178 remedium
827 2114 922 2177 anime
934 2135 999 2178 sue.
1014 2119 1044 2178 et
1056 2119 1212 2198 parentum
1226 2137 1329 2179 eorum
1344 2115 1475 2197 delega-

279 2225 356 2287 uerit
371 2244 462 2306 super
479 2224 573 2286 altare
590 2223 622 2286 S.
641 2221 732 2285 illaria
754 2223 785 2286 in
808 2227 907 2286 moute
928 2224 1122 2311 Kotuipeasi.
1147 2223 1334 2288 dominicale.
1360 2234 1393 2288 et
1416 2225 1476 2288 duo

278 2332 426 2404 beneficia
444 2332 480 2394 ad
498 2332 658 2416 drosdorf.
676 2325 745 2416 post
761 2331 872 2394 obitum
888 2333 953 2395 eius
970 2334 1021 2416 qui
1037 2333 1130 2415 priori
1147 2331 1265 2395 illorum
1283 2334 1346 2396 uita
1365 2354 1476 2396 exces-

278 2442 361 2504 serit.
379 2441 436 2504 deo
454 2446 484 2503 et
501 2442 566 2503 eius
582 2440 723 2522 genitrici
743 2439 951 2504 famulantibus
968 2441 998 2502 in
1014 2460 1098 2503 usum
1127 2489 1363 2504 ......

799 2625 949 2698 CCLVH.

293 2827 297 2835 ,
367 2766 489 2829 Addidit
512 2771 541 2828 et
563 2765 649 2828 aliam
673 2765 872 2828 traditionem.
896 2767 1050 2830 urhconrn
1065 2765 1189 2832 scilicet
1203 2789 1283 2854 opas
1306 2765 1347 2829 de
1364 2767 1474 2850 predio

277 2879 381 2937 nostro
397 2874 484 2938 mire.
507 2878 538 2936 et
553 2892 676 2935 censum
694 2873 731 2936 de
748 2873 822 2935 silua
839 2894 874 2936 ex
890 2877 952 2936 toto
969 2874 1114 2958 deinceps
1131 2874 1296 2938 dimittens.
1322 2880 1355 2939 et
1372 2879 1473 2938 tamen

276 2987 394 3068 pastum
411 2989 442 3046 et
457 3001 573 3045 omnem
585 3001 669 3045 usum
683 3001 770 3065 quem
783 2982 828 3044 sui
842 2983 873 3044 in
884 3001 1007 3044 nemore
1018 2982 1139 3046 habeut.
1159 2983 1269 3046 nostris
1283 2983 1473 3048 concedens.

276 3091 351 3154 Huic
374 3089 559 3172 delegatioui
581 3089 654 3153 satis
676 3088 850 3171 prohabiles
872 3109 1002 3174 persone
1025 3111 1079 3173 per
1101 3111 1202 3154 aurem
1231 3093 1355 3156 attracti
1377 3096 1475 3155 testes

277 3199 372 3262 luere.
397 3199 567 3264 Heinricua
589 3205 618 3262 et
639 3197 816 3283 Liapoldas
834 3197 898 3282 pat
917 3197 995 3264 elas.
1028 3197 1220 3286 Siplhordos
1236 3201 1277 3264 de
1292 3201 1421 3266 ecahrh.
1444 3204 1476 3264 et

279 3307 484 3372 Gedehordus
510 3308 617 3390 frater
648 3305 716 3370 mus
742 3307 783 3370 de
806 3305 996 3392 parchemin
1038 3303 1228 3372 Cholmadara
1259 3309 1300 3372 de
1323 3310 1473 3396 pilstein.

277 3415 443 3482 Lictoldoe
472 3416 513 3479 de
535 3415 637 3502 plein.
671 3414 741 3478 Otto
764 3416 804 3479 de
820 3417 978 3501 percstol.
1009 3421 1039 3478 et
1063 3417 1170 3500 freter
1195 3416 1264 3482 eius
1286 3418 1476 3483 Hartwicus

277 3529 309 3587 et
326 3505 515 3588 'Heiortcus
549 3499 719 3588 delatrices
749 3523 790 3586 de
820 3523 1008 3607 wolfaisten.
1050 3523 1185 3589 Ohedolt
1215 3523 1256 3588 de
1287 3525 1475 3609 occh'sdorf.

275 3631 456 3695 inuestiturc
478 3630 649 3696 Heinricas
673 3634 704 3693 et
726 3630 913 3718 diepoldus.

790 3817 955 3890 coavat

367 3957 515 4020 Nouerint
530 3955 632 4020 omnes
645 3956 753 4020 fideles
766 3955 889 4020 Christi.
907 3955 1116 4041 quodquidam
1130 3957 1244 4021 nobilis
1256 3957 1352 4022 horno
1366 3959 1473 4048 Chaa·

272 4067 381 4130 rodes.
407 4063 443 4127 N.
464 4066 551 4152 filios
574 4065 675 4130 ernlet
698 4066 738 4129 ele
761 4065 904 4129 treisma.
929 4064 1189 4148 adpropinquante
1217 4064 1267 4126 die
1298 4065 1402 4130 exitus
1425 4067 1475 4130 sui

274 4175 428 4254 delegauit
449 4177 479 4236 in
504 4195 620 4237 manum
638 4174 794 4239 euiusdum
812 4173 920 4237 nobilis
936 4173 993 4236 uiri
1009 4175 1107 4258 Krcst
1121 4171 1268 4259 quoddam
1286 4173 1476 4240 dominicale

275 4285 556 4348 oeleaoorhronnen
580 4303 646 4346 cum
669 4281 814 4346 omnihus.
837 4303 896 4367 que
919 4282 1070 4365 adipsum
1088 4281 1249 4363 pertinent.
1273 4301 1311 4344 eo
1328 4283 1476 4367 iureque

275 4391 333 4454 sibi
351 4391 499 4456 seruierat
523 4397 649 4475 excepto
666 4411 723 4455 uno
740 4391 856 4472 iugero.
881 4411 915 4454 ea
932 4391 1050 4453 ratione
1071 4395 1103 4452 ut
1119 4390 1186 4473 ipse
1203 4387 1363 4472 delegaret
1379 4411 1477 4474 super

275 4500 369 4564 altare
391 4506 494 4564 sancte
516 4499 622 4563 Mario.
646 4499 676 4562 in
699 4507 799 4562 monte
821 4498 871 4581 qui
888 4497 1000 4560 dieitur
1014 4493 1171 4563 Kdtiacich
1192 4499 1221 4560 in
1238 4517 1326 4562 usum
1345 4499 1477 4562 fratrum

275 4608 387 4672 ibidem
404 4608 461 4672 deo
478 4608 690 4671 seruieneium.
709 4606 792 4686 Quod
811 4611 842 4670 et
857 4606 935 4669 idem
951 4606 1048 4690 Kroft
1062 4604 1193 4669 fideliter
1207 4605 1237 4668 in
1250 4605 1302 4668 die
1312 4606 1478 4689 sepulture
