3122 5096
1235 397 1257 468 5

73 578 227 646 unomen.
261 577 349 659 Quod
369 578 460 641 etiam
487 578 657 664 episcopua
681 598 774 660 super
799 577 894 640 altare
917 576 951 639 S.
975 576 1069 640 Marie
1094 571 1257 655 delegauit,

73 687 207 753 tratribus
225 685 283 750 deo
301 686 475 770 sanctisque
492 685 557 748 eius
574 684 624 749 hic
642 686 844 749 seruientibus
860 687 890 748 in
906 705 1002 749 nsum.

651 870 688 940 V.

155 1012 302 1075 Nouerint
331 1009 466 1073 uniuersi
497 1012 602 1071 sancte
633 1010 765 1074 ecclesie
797 1003 850 1072 iiiii
882 1009 962 1094 quod
994 1008 1113 1093 quidam
1146 1003 1260 1068 nobilio

72 1121 105 1184 N.
115 1115 278 1186 Waltcddn
285 1117 435 1205 predium
446 1138 536 1181 orrum
547 1117 774 1200 Rotoldo‘odorf
784 1118 896 1181 dictum
911 1137 977 1180 cum
991 1136 1077 1179 manu
1091 1113 1193 1176 matris
1207 1131 1260 1174 sue

73 1235 100 1292 et
108 1228 205 1292 uxoris
217 1233 247 1290 et
255 1225 308 1288 filii
319 1233 348 1288 et
361 1225 421 1288 tilie
434 1245 488 1287 sue
500 1224 615 1306 legauit
629 1225 658 1287 in
672 1246 788 1288 manum
802 1225 970 1313 Pitiprimo‘.
982 1223 1136 1288 cuiusdam
1150 1220 1260 1283 nobilis

72 1339 133 1400 uiri.
151 1356 185 1398 ea
204 1334 348 1399 uidelicet
364 1334 481 1396 ratione
498 1337 530 1396 ut
546 1333 625 1396 idem
641 1334 826 1420 Pitipro'mue
843 1335 970 1418 idipsum
987 1333 1124 1418 predium
1143 1331 1262 1411 legaret

73 1465 246 1528 quocunqne
262 1442 628 1526 episcopus-Admonens
643 1442 746 1513 uellet,
763 1441 793 1505 in
812 1445 897 1506 cuins
914 1447 1065 1525 potestate
1081 1435 1261 1502 heneficium

72 1548 193 1636 Itoidolfi
215 1551 317 1614 felicis
334 1549 479 1613 memorie
495 1549 598 1613 fratris
618 1548 797 1616 Wottoddni
818 1551 916 1614 adhuc
933 1551 999 1613 tuit.
1016 1569 1146 1632 proquo
1165 1545 1261 1608 bene·

73 1659 135 1723 icio
156 1659 334 1722 redimendo
356 1657 493 1741 predium
513 1657 683 1740 predictum
706 1659 802 1728 eidem
819 1659 947 1722 antistiti
963 1659 1077 1742 absque
1094 1656 1172 1719 omni
1189 1674 1263 1717 con-

72 1767 248 1831 tradictione
271 1766 411 1830 tradidit·
429 1767 538 1828 Testes
562 1787 636 1829 uero
659 1765 747 1829 huius
772 1769 817 1830 rei
839 1787 894 1850 per
917 1786 1018 1828 aurem
1038 1769 1106 1828 sunt
1122 1761 1260 1826 adtracti.

71 1878 259 1942 ddeldrrtoo
283 1897 393 1940 comeo.
418 1850 495 1960 dyo.
520 1875 649 1960 Raffolt.
673 1877 830 1962 Piliprim.
854 1877 948 1940 Pube.
970 1873 1102 1940 Athenin.
1127 1871 1260 1936 Bertct.

71 1981 246 2071 Itddprcht.
273 1984 395 2048 Arnolt.
428 1983 585 2064 Wrdfrom.
616 1984 797 2046 lnuestiture
824 1976 1015 2048 Adotdcrtuo
1043 2003 1155 2046 comeo.
1184 1955 1261 2064 ὁμο.

71 2093 174 2156 Postea
193 2113 267 2154 uero
284 2095 391 2172 rogatu
407 2089 537 2174 predicti
554 2091 694 2153 antistitis
710 2091 791 2154 idem
814 2091 1000 2178 Pitiprdmuc
1019 2091 1079 2152 hoc
1096 2089 1176 2158 idem
1192 2107 1264 2170 pre-

72 2201 146 2266 dium
163 2221 258 2282 super
275 2198 369 2261 altare
386 2219 412 2260 s.
430 2198 524 2261 Mario
542 2199 664 2279 legauit.
684 2204 713 2261 et
734 2199 942 2270 inuestituram
960 2197 1151 2260 contradidit.
1177 2196 1214 2258 Et
1230 2200 1264 2258 ut
1289 2269 1290 2273 Ἰ

71 2309 126 2372 hec
149 2307 274 2371 traditio
298 2305 414 2370 stabitis
440 2302 584 2388 deinceps
609 2315 783 2390 permaneat
805 2310 884 2370 omni
908 2325 974 2368 euo.
1000 2309 1097 2368 testes
1119 2303 1171 2366 isti
1194 2306 1264 2366 sunt

71 2417 183 2480 adsciti.
212 2415 852 2502 Gcbcdortpuer.1toffolt.Enpttpredt.
876 2414 1069 2500 Mepinlrcrt.
1094 2410 1261 2477 Heinrich.

71 2525 237 2612 Rapinpcr.
259 2523 433 2587 itrlchrott.
450 2523 619 2610 Iticirpoto.
636 2523 743 2588 Aribo.
761 2523 950 2610 Adotprcdt.
967 2522 1148 2585 inuestiture
1163 2520 1262 2584 Gedro-

72 2632 152 2698 tert.
168 2631 335 2696 Heinrich.
352 2631 554 2718 Enpitprcdt.

644 2816 696 2887 Vl.

157 2957 263 3020 Isdem
280 2954 369 3017 etiam
388 2951 552 3020 Wottclodn
569 3003 575 3017 .
591 3004 598 3017 .
615 3003 643 3018 ..
662 2957 750 3018 alium
768 2975 903 3019 mansum
918 2953 1042 3017 tradidit
1060 2972 1153 3037 super
1169 2950 1264 3014 altare

72 3065 102 3130 S.
121 3065 216 3128 Marie
233 3063 271 3125 ob
288 3063 454 3126 remedium
472 3065 569 3127 anime
586 3065 688 3126 fratris
706 3065 752 3126 sui
775 3062 902 3149 nouom
922 3069 952 3126 et
975 3063 1120 3146 mancipia
1138 3078 1262 3142 quorum

71 3179 136 3236 sunt
158 3171 289 3235 nomina.
314 3165 479 3254 thpreht.
502 3171 628 3234 Altman.
660 3172 750 3236 Huius
774 3172 943 3235 traditionis
966 3174 1060 3233 testes
1083 3189 1139 3252 per
1162 3186 1263 3230 aurem

70 3286 136 3344 sunt
147 3280 289 3344 adtracti.
309 3279 451 3344 otachar
465 3281 619 3345 marchio.
635 3283 763 3370 Roffolt.
781 3281 936 3367 Pitiyrim.
953 3275 1132 3365 Rddpretot.
1147 3276 1262 3341 Chore.

72 3391 201 3454 Wicilie.
226 3388 332 3454 Aribo.
360 3389 503 3452 Gonane.
533 3389 723 3454 iteriotere.
748 3390 883 3476 Repeto.
908 3390 1030 3472 Chraft.
1054 3383 1261 3473 Rapioprelrt.

69 3496 258 3586 Adatprclrt.

633 3681 702 3752 Vll.

157 3821 270 3886 Notum
287 3821 326 3884 sit
343 3819 479 3884 omnibus
492 3819 604 3885 Christi
617 3822 757 3886 fidelihus
768 3827 828 3885 tam
841 3821 1034 3906 presentibus
1046 3839 1133 3902 quam
1145 3818 1263 3881 futuris.

69 3932 145 4014 quod
169 3929 302 3995 ecclesia
326 3928 529 3992 Gotwicensis
553 3950 619 3994 oum
643 3930 770 3994 haberet
791 3951 902 4014 pascua
920 3933 998 3992 inter
1021 3927 1270 4010 ii'cdilcincdcrf

69 4045 99 4102 et
122 4039 377 4126 erclcinedorf.
403 4037 528 4121 quedam
556 4038 665 4101 nobilis
690 4045 720 4100 et
741 4039 867 4103 honesta
890 4041 1022 4100 matrona
1045 4037 1083 4100 de
1104 4037 1265 4123 Zoklcinpe

68 4148 224 4213 uantum
245 4148 365 4210 nomine
388 4143 504 4208 addidit
525 4146 624 4208 eidem
647 4147 778 4210 ecclesie
802 4167 856 4230 pro
880 4146 1013 4209 remedio
1037 4146 1134 4208 anime
1159 4165 1212 4208 sue
1235 4145 1265 4206 in

68 4257 174 4320 codem
195 4256 265 4320 loco
288 4253 325 4316 ad
349 4255 406 4318 duo
429 4255 533 4336 iugera
557 4259 587 4316 et
610 4254 774 4318 dimidium.
800 4259 831 4317 et
852 4255 910 4316 hoc
936 4253 975 4316 de
997 4274 1051 4317 suo
1073 4253 1263 4336 patrimonio.

69 4385 194 4449 qnorum
225 4365 370 4426 terminus
399 4368 447 4426 est
476 4363 655 4449 Pinicporz.
688 4361 781 4426 Huius
812 4365 858 4426 rei
886 4367 982 4426 testes
1012 4367 1090 4424 sunt.
1113 4361 1266 4424 Hodmor

68 4475 106 4538 de
129 4470 286 4556 Choiforn.
312 4471 501 4538 cuonradus
525 4473 566 4536 dc
590 4472 693 4537 Griec.
722 4472 878 4558 Wicpotuo
901 4472 942 4536 de
963 4472 1066 4536 Picta.
1089 4469 1203 4534 Altero
1225 4470 1266 4532 dc

73 4581 219 4648 Wtoucn.
