3122 5096
1212 385 1261 458 27

67 550 204 620 ecclesie
223 557 329 624 nostre
346 554 424 620 bona
442 555 624 666 donaturpst
615 577 645 622 m
669 555 783 642 synodo
807 525 995 641 putauiensis
1012 556 1147 622 ecclesie
1162 559 1266 642 preci·
1275 605 1278 609 -

63 660 170 744 piente
187 662 355 728 uenerabili
377 664 525 752 episcopo
550 641 665 730 Odcl'
621 667 701 730 lroco
726 671 773 729 est
795 666 965 730 recitatum.
991 667 1053 728 et'
1045 666 1141 749 rpsius
1163 666 1262 730 banno

66 767 145 832 cleri
168 770 386 855 primatumque
408 774 522 842 fauore.
551 779 696 857 perpetua
719 773 883 862 stabilitate
907 773 1063 842 firmatum.
1092 774 1167 838 Huic
1190 794 1266 840 con-

66 877 173 940 uentui
205 879 371 942 interfuere
402 881 442 942 be
467 880 641 964 probabiles
673 902 815 966 persone.
853 857 897 945 be
926 881 1012 945 domo
1042 903 1067 944 s.
1097 881 1263 945 Saluatoris

63 983 293 1052 Adclrcmmus
308 987 411 1052 abbas.
428 989 474 1051 De
491 990 573 1052 clero
591 994 700 1054 autem.
717 990 789 1053 llll⁰
804 989 961 1082 prepositi.
985 990 1031 1052 De
1046 989 1133 1052 domo
1151 1010 1175 1052 s
1191 989 1263 1052 Ste-

65 1093 161 1176 phani
177 1095 363 1161 Jemoartos.
389 1097 434 1159 Dc
451 1097 538 1161 domo
556 1119 580 1160 s.
598 1096 718 1160 Nikolai
733 1099 914 1164 Odclricuc.
932 1098 977 1160 De
990 1099 1077 1161 domo
1095 1119 1120 1160 s
1133 1097 1265 1161 Floriani

63 1201 253 1268 isimbertus.
277 1205 322 1268 De
339 1205 469 1270 domos.
487 1205 646 1268 Michaelis
669 1206 889 1272 Pecimcnnuc.
908 1205 1100 1270 Willibertus
1124 1207 1266 1271 decanus

65 1309 108 1372 de
126 1310 264 1374 domoS
284 1313 441 1397 Stephani
460 1313 715 1397 Archipresbiteri
731 1319 806 1380 tres
822 1318 926 1403 Irippo.
943 1316 1151 1379 Helmbcrtus.
1172 1315 1267 1378 Gum-

64 1419 194 1504 polulus
219 1420 264 1482 De
292 1422 469 1504 primatibus
498 1425 588 1487 etiam
616 1423 676 1486 isti.
705 1423 865 1488 Dictricoc
892 1445 1003 1489 comes.
1033 1399 1202 1489 Odolricoc
1226 1424 1267 1486 de

70 1527 309 1616 thtterinpio
334 1529 497 1595 aduocatus
520 1552 612 1614 super
634 1531 751 1594 domum
775 1553 800 1594 s.
819 1531 976 1616 Stephani.
1001 1532 1212 1619 Repinbcrtos
1235 1534 1267 1594 et

66 1634 129 1699 duo
145 1634 200 1698 filii
215 1637 292 1700 eius.
310 1638 420 1724 aliique
437 1661 525 1724 quam
541 1639 645 1725 plures
661 1639 763 1704 idonei
777 1645 882 1704 testes.

620 1860 730 1934 XCIX.

162 1997 309 2062 Nouerint
331 2020 433 2064 omnes
454 2005 513 2064 tam
537 2002 689 2085 presentis
711 2003 758 2065 eui
780 2001 961 2086 superstites
978 2019 1064 2084 quam
1081 1999 1148 2064 loco
1166 2017 1269 2063 eorum

67 2107 248 2170 successuri
259 2108 401 2172 heredes.
415 2109 544 2193 qualiter
559 2110 671 2172 fratres
684 2111 736 2174 isti
750 2110 849 2174 diuina
861 2110 957 2192 gratia
971 2108 1144 2192 opitulante.
1157 2107 1268 2172 iudicio

66 2214 162 2297 igniti
183 2215 260 2278 ferri
282 2215 388 2279 siluam
410 2217 557 2306 bcoperp
579 2219 688 2282 dictam
713 2219 905 2302 optinuerint.
931 2234 1018 2301 quam
1041 2217 1178 2280 dominus
1200 2215 1269 2279 Alc

67 2344 208 2388 mannus
224 2324 392 2412 episcopus
408 2327 440 2389 S.
458 2326 555 2389 Mario
572 2332 603 2389 et
619 2329 648 2389 ei
664 2329 713 2390 hie
730 2327 932 2391 seruientibus
948 2326 1081 2389 tradidit.
1099 2325 1181 2388 Hanc
1194 2343 1268 2406 ergo

69 2434 312 2495 controuersiam
335 2453 402 2497 cum
419 2434 509 2518 aliqui
526 2434 565 2498 de
580 2433 825 2498 ministerialibus
843 2457 867 2498 s.
886 2434 1032 2518 Stephani
1054 2453 1127 2516 erga
1148 2433 1271 2516 episco-

69 2560 143 2626 pum
168 2540 368 2604 concitarent.
393 2548 422 2605 et
446 2563 479 2606 se
503 2542 681 2606 beneficium
706 2544 735 2606 in
752 2542 865 2607 'eadem
886 2543 962 2606 silua
983 2543 1097 2606 habere
1122 2542 1269 2605 dicentes.

70 2650 245 2732 inportunis
262 2650 387 2712 uocibus
405 2651 543 2714 iudicium
561 2653 728 2733 exigerent.
746 2651 857 2736 placuit
874 2653 1018 2734 episcopo
1036 2655 1067 2713 et
1086 2651 1226 2733 precepit
1240 2647 1271 2711 id

70 2757 186 2822 diuino
214 2758 361 2822 cacumini
387 2759 584 2822 committere.
619 2760 699 2824 nullo
726 2761 791 2823 eius
819 2759 998 2822 sententiam
1026 2757 1147 2822 ualente
1175 2756 1270 2821 nostri

69 2867 144 2933 uice
160 2874 342 2950 permutare.
359 2864 423 2928 Nos
439 2886 512 2929 uero
528 2872 588 2932 tam
606 2870 664 2932 etsi
680 2869 785 2932 iustam
800 2888 919 2931 causam
936 2867 1082 2932 babentes
1100 2887 1159 2932 non
1176 2866 1270 2928 aude·

70 2995 177 3039 remus
195 2975 359 3038 contraire.
375 2977 454 3048 sicut
469 2995 526 3038 nec
542 2977 588 3039 fas
604 2980 651 3040 est
667 2977 720 3040 tali
737 2977 871 3040 decreto.
888 2974 1000 3059 talique
1012 2995 1154 3059 persone.
1170 2979 1270 3046 tamen

68 3087 286 3168 presumentes
311 3083 349 3149 de
373 3085 566 3151 miseratione
582 3105 714 3168 superne
736 3085 868 3168 pietatis.
892 3088 923 3147 et
939 3082 1082 3167 precibus
1100 3084 1148 3146 cui
1166 3082 1269 3150 deuoti

71 3193 243 3256 existimus.
267 3192 317 3258 dei
340 3193 499 3274 genitricis
521 3212 626 3256 manus
648 3192 840 3256 tetendimus.
867 3196 898 3256 et
916 3193 993 3256 sicut
1009 3197 1110 3256 notum
1127 3196 1175 3254 est
1191 3195 1272 3254 teste

71 3299 183 3364 eodem
195 3299 318 3382 presule
331 3305 362 3362 et
373 3299 474 3367 multis
489 3320 589 3364 coram
602 3300 721 3384 positis.
736 3300 974 3364 misericordiam
988 3299 1144 3366 consecuti
1158 3319 1270 3364 sumus.

71 3409 170 3472 liuius
183 3429 228 3470 rer
220 3407 341 3472 'idonei
352 3414 448 3472 testes
462 3414 571 3472 extant.
588 3409 792 3495 Eupildertuc
805 3409 1044 3493 archipresbiter
1059 3414 1089 3471 et
1101 3409 1271 3492 prepositus

68 3537 97 3578 s.
108 3515 246 3600 yppoliti.
257 3517 407 3582 Witimor.
422 3494 507 3582 (lete
520 3518 674 3583 Adulrcm
686 3517 857 3602 presbiteri.
873 3517 917 3580 De
930 3517 1015 3580 laicis
1029 3537 1100 3580 uero
1115 3513 1272 3600 Itaidolfuc

71 3626 114 3690 de
130 3625 239 3712 herpo.
258 3629 289 3689 et
304 3626 460 3690 Hurtlicb

655 3776 693 3845 0.

166 3913 334 3980 Notandum
352 3922 442 3997 atque
459 3912 625 3994 diligenter
641 3917 688 3977 est
704 3931 819 3976 memor
821 3932 850 3974 re
865 3910 997 3975 fidelium
1015 3911 1272 3982 committendum.

71 4022 206 4108 qualiter
222 4024 318 4090 obbas
333 4030 403 4090 noct
404 4045 440 4088 cr
390 4022 673 4087 tcommuuicato
690 4024 841 4086 seniorum
856 4021 992 4087 consilio.
1011 4020 1273 4090 commutationem

71 4132 186 4199 iecerit
211 4132 414 4213 possessionis
438 4130 616 4218 Rutepoctb
641 4150 715 4212 erga
732 4106 918 4196 odalricum
940 4129 981 4194 dc
1002 4128 1273 4210 bouistetin.1pso

73 4239 220 4306 uidelicet
248 4215 400 4306 ddclrico
431 4239 519 4304 nobis
550 4238 610 4304 hoc
642 4239 799 4307 consilium
828 4237 1084 4303 subministrante.
1118 4235 1187 4302 data
1215 4235 1274 4299 sibi

71 4350 210 4419 uicissim
232 4349 329 4412 tercia
351 4348 582 4414 decimationum
608 4354 694 4433 parte
716 4348 754 4412 ad
774 4347 947 4414 doubletus
969 4365 1027 4430 que
1046 4343 1135 4416 uobis
1153 4344 1271 4414 contin-

71 4457 177 4540 gebat.
203 4457 268 4532 Sed
285 4461 316 4519 et
331 4457 389 4521 hoc
406 4476 472 4522 cum
490 4457 613 4524 licentia
629 4457 740 4528 domini
757 4456 912 4543 episcopi.
930 4461 960 4524 et
980 4452 1176 4523 marchionis
1193 4471 1269 4522 aaa·

70 4588 164 4632 sensu
182 4570 230 4632 est
244 4570 401 4649 patratum.
427 4566 639 4634 nichilominus
656 4566 746 4634 etlam
762 4565 912 4632 aduocati
931 4563 1035 4631 nostri
1055 4561 1135 4630 sicut
1155 4559 1267 4624 iustum
