3122 5096
283 353 332 424 76

278 527 471 592 monasterio
498 533 605 592 nostro
633 526 831 592 educandam
856 525 989 592 donauit
1017 524 1155 612 (domum
1181 528 1212 588 et
1235 523 1368 589 insulam
1392 523 1482 588 nobis

279 635 468 698 adiacentem
485 653 552 698 oum
568 636 637 700 loeo
653 635 842 718 piscationis.
862 658 942 712 supr·
952 639 1082 712 seriptum
1092 641 1159 713 est).
1184 633 1262 697 Sunt
1274 637 1377 696 autem
1391 631 1484 696 huius

280 744 449 808 donationis
472 746 569 806 testes
594 743 667 806 satis
689 740 800 806 idonei·
823 719 993 816 ddatrioue
1015 744 1096 808 loeil.
1122 743 1194 808 Otto
1210 762 1284 805 ree.
1311 741 1481 806 unwanus

278 852 380 939 niper.
397 851 581 916 Dietmurue
597 871 677 916 cere.
700 850 838 938 Wolfper
852 858 961 917 nauto.
976 851 1089 936 aliique
1104 870 1193 935 quam
1208 850 1324 934 piures.

782 1035 975 1109 ocoxovl.

371 1164 515 1238 Memoria
529 1174 617 1237 etiam
631 1175 899 1240 commendandum
912 1176 993 1262 quod
1008 1176 1080 1241 Otto
1092 1175 1254 1264 plebanus
1266 1174 1309 1239 de
1320 1174 1484 1239 amstetia.

281 1285 434 1366 delegauit
456 1286 559 1348 uineas
581 1283 654 1346 duas
674 1283 900 1372 pnoissiadorf
922 1285 1007 1350 sitas.
1032 1303 1125 1368 super
1148 1281 1245 1346 altare
1265 1281 1360 1346 beate
1383 1282 1485 1346 Mario

280 1393 405 1480 leotwip.
428 1397 584 1455 reseruata
602 1389 659 1456 sibi
676 1412 733 1454 usu
748 1392 869 1456 fruendi
895 1392 964 1456 dum
987 1393 1116 1456 uiueret.
1139 1411 1195 1474 pro
1217 1388 1356 1454 remedio
1385 1392 1487 1454 anime

282 1520 464 1584 suorumque
480 1505 645 1584 parentum.
670 1499 763 1564 Huius
781 1501 827 1562 rei
843 1503 939 1563 testes
956 1504 1034 1563 sunt.
1064 1498 1283 1566 Welliirardue·
1307 1499 1488 1564 Heinrieue

281 1611 321 1673 de
344 1609 540 1674 eharlstetin.
569 1609 694 1694 Repeto
716 1609 756 1671 de
777 1607 997 1692 imieioisdorf.
1025 1608 1191 1674 Switkord
1215 1610 1255 1672 de
1277 1607 1486 1674 otarlstetin.

285 1717 474 1784 Hortesiana.
491 1719 608 1782 Peneo.
629 1715 710 1780 orto.
727 1715 907 1780 Heion'ous.
924 1714 1072 1782 Darinoi
1088 1717 1128 1781 de
1139 1715 1278 1800 familie.

771 1899 981 1972 COLXCVH.

376 2041 536 2108 (imminue
557 2039 676 2124 quidam
700 2040 740 2105 de
760 2041 1009 2128 Ebersprunnen
1030 2041 1103 2104 emit
1120 2039 1257 2125 predium
1273 2039 1431 2124 quoddam
1448 2039 1489 2103 ad

282 2149 427 2216 smidaha
450 2150 549 2212 situm.
578 2147 658 2212 Emit
683 2152 781 2212 autem
804 2170 821 2212 a
842 2149 942 2214 leviro
964 2171 1020 2214 eoo
1046 2149 1190 2214 Gerwieo
1214 2147 1323 2212 decem
1349 2148 1488 2211 talentis·

284 2259 407 2321 Partem
429 2257 516 2320 huius
537 2257 667 2340 pecunie
679 2259 804 2342 fratres
815 2257 1021 2322 kotwiceneeo
1037 2258 1188 2322 dederuut
1204 2277 1241 2320 ea
1258 2256 1437 2320 conditione
1454 2259 1489 2318 ut

282 2367 381 2450 ipsum
404 2363 541 2449 predium
566 2369 634 2448 post
656 2370 782 2429 mortem
804 2384 887 2428 suam
910 2367 1091 2430 monasterio
1116 2365 1254 2430 donaret.
1288 2363 1382 2428 Feeit
1407 2367 1490 2428 sieut

283 2473 454 2538 condictum
482 2473 548 2536 suit.
577 2473 716 2556 predium
743 2472 924 2539 monasterio
954 2474 1115 2558 delegauit.
1144 2480 1176 2538 et
1202 2476 1270 2558 ipse
1293 2473 1334 2536 ad
1357 2493 1489 2538 censum

281 2582 369 2645 XXX.
388 2600 572 2646 nummorum
589 2581 764 2645 soluendum
781 2602 798 2644 a
813 2581 957 2646 fratribus
974 2581 1050 2646 iliud
1073 2585 1104 2646 in
1127 2581 1310 2646 beneficium
1333 2601 1436 2666 usque
1459 2583 1492 2644 in

283 2691 373 2756 finem
389 2692 451 2756 uite
468 2710 522 2754 sue
537 2691 664 2773 recepit.
683 2690 773 2754 Huius
790 2693 836 2754 rei
852 2695 948 2754 testes
965 2696 1043 2754 sunt.
1062 2691 1233 2780 Wpaadue
1245 2690 1491 2778 deooowiapin.

284 2800 433 2887 Piliprim
465 2800 505 2864 de
534 2793 747 2883 Chsineudorf.
784 2799 999 2864 debetorum.
1030 2800 1220 2866 Charmadas
1246 2798 1287 2862 de
1314 2799 1494 2863 Emiohere-

279 2929 440 2995 prumrem.
466 2908 585 2972 Gernot
600 2907 640 2970 de
654 2907 784 2971 Roseae.
809 2907 968 2973 Heinrich
990 2908 1031 2973 de
1051 2929 1160 2996 poree.
1185 2910 1281 2994 Eppo
1298 2908 1340 2971 de
1356 2907 1494 2972 Emielr·

279 3038 440 3104 pronoen.
457 3013 623 3080 Hortmied
639 3022 670 3079 et
682 3015 745 3099 filii
760 3016 837 3080 eiua.
855 3016 1050 3080 Perlrtoldoe
1067 3021 1098 3080 et
1113 3015 1273 3096 Hartliep.

777 3219 998 3292 CCLXOVIH.

374 3359 551 3425 emuniens
572 3359 699 3446 quidum
726 3337 766 3424 de
788 3361 981 3444 Badendorf
1000 3358 1126 3422 tradidit
1152 3357 1335 3432 monasterio
1366 3357 1493 3422 uineam

283 3467 396 3532 ibidem
412 3471 509 3532 sitam.
527 3467 667 3532 Tradidit
683 3471 782 3534 autem
798 3489 864 3532 eam
878 3461 1080 3552 superaltare
1091 3467 1124 3532 S.
1138 3466 1233 3530 Mario
1245 3467 1316 3532 iure
1329 3467 1427 3532 ciuili
1441 3467 1492 3530 uel

285 3579 418 3643 arbeae.
433 3597 489 3661 pro
502 3576 636 3640 remedio
649 3576 748 3640 anime
759 3597 814 3640 sue
828 3581 858 3639 et
871 3579 998 3642 omnium
1007 3581 1164 3662 parentum
1176 3595 1308 3640 suorum.
1323 3575 1445 3638 Dantur
1456 3597 1493 3640 ex

287 3706 322 3749 ea
338 3686 410 3752 iure
420 3686 518 3752 ciuili.
535 3686 628 3750 XXII.o
640 3685 766 3750 denarii.
783 3686 904 3750 Testes.
917 3681 1073 3769 Rsidolfue
1090 3690 1121 3748 et
1136 3684 1312 3750 Heinrioue
1324 3685 1366 3750 de
1380 3685 1492 3751 Smar-

286 3794 349 3860 euh
362 3799 393 3858 et
413 3797 532 3882 Poppo.
555 3795 676 3861 Trunti.
691 3795 802 3862 Wirat.
822 3796 903 3860 Otto.
915 3795 1099 3860 Hoimieuo.
1112 3815 1205 3883 poee.
1218 3791 1490 3881 (sio—porzet).

788 3979 981 4052 ochxurx.

378 4117 425 4182 Ne
441 4123 586 4184 memorie
603 4121 731 4186 excidat.
749 4121 805 4184 sed
822 4119 876 4182 filii
893 4125 1015 4183 narrent
1030 4118 1102 4183 filiis
1119 4121 1193 4183 suis.
1211 4119 1377 4184 benefacta
1394 4121 1492 4185 iusto·

288 4247 354 4292 rum
372 4227 495 4313 seriptis
513 4228 641 4311 figimus.
662 4230 789 4296 Comitis
805 4229 898 4313 igitur
916 4229 1097 4295 Gebeturdi
1111 4231 1151 4294 de
1166 4229 1356 4295 Hohineleke
1380 4231 1490 4296 fautum

288 4337 358 4402 stilo
376 4337 628 4402 commendamus.
653 4344 684 4401 et
699 4340 842 4402 memorie
859 4342 1049 4422 posterorum
1065 4337 1219 4402 tradimus.
1238 4337 1387 4402 Tradidit
1404 4340 1488 4402 enim.

288 4468 314 4510 s.
332 4446 427 4510 Mario
443 4447 473 4510 in
489 4448 631 4514 leotwioo.
649 4449 781 4533 quinque
798 4446 947 4512 beneficia
963 4447 1160 4531 tonirmdorf
1174 4447 1283 4530 posita.
1306 4455 1382 4530 post
1405 4447 1489 4510 tinem

214 4599 225 4616 .
289 4574 373 4618 suum
397 4557 582 4620 monasterio
607 4559 766 4622 seruitum.
789 4557 877 4622 Feoit
891 4561 989 4620 autem
1007 4559 1101 4640 ipsam
1117 4554 1313 4620 traditionem
1328 4555 1362 4619 in
1378 4575 1489 4620 manum
