3074 5094
285 407 361 482 314

284 588 469 661 continebat,
504 588 584 656 bone
617 593 762 656 memorie
796 589 980 654 Patauiensis
1006 587 1172 674 Episcopus
1186 583 1217 672 ²)
1253 586 1302 651 sui
1334 585 1458 672 Capituli
1525 585 1529 622 ³

284 697 447 762 accedente
470 717 618 765 consensu
640 699 800 764 ecclesiam
824 700 861 764 de
883 699 1001 764 Pircba
1023 717 1077 761 suc
1105 697 1251 769 diocesis,
1283 697 1314 759 in
1336 717 1394 783 qua
1416 698 1457 759 ius

284 811 455 889 patronatus
486 809 621 886 habetis,
655 808 741 873 uobis
774 814 804 872 et
834 829 890 894 per
929 829 981 874 ros
1023 805 1203 870 monasterio
1235 811 1341 870 uestro
1375 811 1459 888 prout
1528 871 1529 894 p

285 915 442 1000 spectabat
469 918 505 981 ad
534 939 601 982 eum
627 920 676 1003 pia
704 925 734 981 et
760 917 883 1002 prouida
911 915 1089 980 liberalitate
1116 915 1305 977 concesserit
1332 913 1365 975 in
1392 934 1457 977 usus

283 1045 448 1108 pauperum
464 1026 618 1110 hospitalis
633 1027 727 1112 ipsius
743 1027 917 1090 monasterii
933 1031 1078 1109 perpetuo
1094 1023 1291 1096 retinendam,
1308 1027 1459 1087 reseruata
1528 1031 1529 1092 j

282 1135 407 1207 vicario,
439 1136 489 1218 qui
516 1157 571 1219 pro
598 1142 733 1220 temporo
758 1137 849 1200 fuerit
875 1136 904 1198 in
932 1135 1050 1207 eadem,
1079 1132 1117 1197 de
1142 1133 1237 1216 ipsius
1262 1131 1458 1217 prodentibus
1528 1209 1529 1212 Ἴ

284 1262 415 1326 congrua
437 1245 581 1326 porcione
603 1265 658 1328 pro
680 1245 896 1308 sustentatione
912 1265 979 1317 sua,
1004 1249 1034 1306 et
1049 1243 1085 1307 ad
1103 1241 1202 1305 debita
1219 1241 1459 1325 procurationum
1528 1259 1529 1268 ¹

285 1351 436 1415 diocesani
458 1352 517 1418 loci
541 1358 572 1417 et
593 1355 650 1418 alia
669 1373 760 1418 onera
777 1353 941 1426 subeunda,
967 1354 1044 1416 sicut
1060 1353 1089 1414 in
1105 1350 1302 1434 litterisindc
1320 1349 1461 1414 confectis
1528 1357 1529 1362 ’

285 1459 394 1524 dicitur
409 1459 528 1543 plenius
545 1464 706 1526 contineri.
723 1462 786 1526 Nos
802 1463 912 1526 uestris
928 1459 1366 1546 supplicationibusinclinati,
1390 1457 1462 1541 quod

284 1568 321 1632 ab
343 1569 449 1632 eodem
472 1569 622 1656 Episcopo
646 1591 737 1655 super
753 1571 810 1634 hoc
826 1570 952 1653 prouide
968 1571 1077 1634 sactum
1093 1575 1159 1642 est,
1183 1573 1280 1632 ratum
1299 1573 1333 1632 et
1348 1573 1460 1649 gratum
1528 1595 1529 1652 p

285 1677 446 1751 habentes,
470 1679 498 1742 id
523 1683 696 1744 auctoritate
718 1680 881 1764 apostolica
899 1678 1121 1750 confirmamus,
1145 1683 1175 1741 et
1189 1677 1347 1760 presentis
1364 1676 1462 1759 scripti
1528 1677 1529 1720 ἶ

286 1789 452 1873 patrocinio
481 1789 705 1853 communimus.
741 1788 822 1854 Nulli
848 1808 920 1870 ergo
948 1789 1064 1852 omnino
1091 1786 1240 1850 hominum
1269 1786 1367 1849 liceat
1393 1787 1463 1849 hano

284 1897 421 1979 paginam
429 1902 530 1961 nostre
539 1897 769 1960 confirmationis
779 1897 1010 1979 infringere‚uel
1023 1897 1049 1958 ei
1059 1916 1130 1960 ausu
1138 1897 1299 1959 temerario
1307 1897 1462 1959 contraire.

285 2005 320 2068 si
329 2005 394 2088 quis
402 2009 497 2070 autem
515 2007 756 2090 hocattemptare
772 2005 1238 2090 presumpserit,indignationem
1252 2005 1463 2088 omnipotentis

285 2114 334 2177 dei
356 2118 387 2176 et
402 2113 553 2178 beatorum
567 2115 648 2178 Petri
658 2119 686 2178 et
698 2115 781 2180 Pauli
791 2115 989 2198 apostolorum
1008 2116 1073 2178 eius
1090 2135 1124 2178 se
1137 2115 1255 2184 nouerit
1266 2115 1464 2179 incursurum.

283 2224 387 2286 Datum
415 2222 540 2286 lateran.
576 2222 649 2286 Vllh
680 2223 746 2286 Kal.
776 2225 856 2288 Maii.
890 2224 1084 2288 Pontificatus
1112 2224 1206 2286 nostri
1244 2225 1333 2287 hnno
1351 2223 1463 2286 Tertio.

355 2329 402 2384 Dio
417 2330 542 2384 hleibulle
555 2329 635 2397 hdngt
648 2347 679 2383 an
693 2331 788 2400 gethea
801 2332 853 2384 und
867 2331 960 2386 rothen
973 2330 1159 2384 Seidenltden.

358 2420 388 2491 1)
409 2421 461 2472 Der
482 2424 646 2490 ungenannte
668 2422 719 2474 ΑΜ
741 2423 810 2475 hiess
832 2421 998 2483 Helmwo'clo,
1026 2422 1078 2474 und
1102 2439 1154 2474 war
1175 2422 1241 2476 nach
1264 2420 1464 2475 Heinrich’slll.

284 2509 454 2581 Resignation
481 2511 587 2564 erwdhlt
612 2510 731 2574 worden,
760 2514 792 2565 im
811 2512 835 2565 J.
857 2512 939 2570 1256,
968 2512 1015 2566 wic
1038 2511 1084 2565 das
1105 2510 1224 2584 Concept
1246 2512 1302 2566 des
1319 2511 1463 2566 Chronicon

285 2599 407 2678 Gottraic.
430 2601 503 2654 Tom.
527 2601 558 2654 ll.
582 2602 638 2656 Lib.
655 2602 695 2656 lV.
723 2603 786 2674 Cap.
807 2603 857 2656 Vll.
879 2603 985 2672 angibt3
1013 2603 1112 2656 obwohl
1136 2604 1216 2657 durch
1236 2604 1311 2658 diese
1335 2603 1465 2656 Annahme

285 2691 328 2745 die
346 2693 380 2745 25
393 2692 485 2753 dabre,
505 2693 603 2747 welche
617 2694 675 2747 dem
689 2694 755 2747 Abte
769 2693 918 2748 Helmroa'ch
932 2695 964 2746 im
979 2693 1017 2746 oa
1030 2693 1136 2747 citirten
1150 2695 1263 2748 altesten
1277 2695 1413 2764 Kataloge
1426 2710 1462 2747 am

284 2782 409 2836 Schlusse
428 2783 474 2837 dcs
492 2783 651 2838 Saalbuches
672 2801 838 2855 zrrgemessen
857 2785 934 2848 sind,
957 2789 1037 2838 etwas
1055 2788 1176 2838 rechrirzt
1195 2785 1311 2838 werden.
1340 2786 1377 2838 Er
1395 2786 1463 2838 starb

285 2891 324 2926 am
344 2873 368 2926 1.
382 2875 451 2928 Mira
474 2875 559 2937 1279,
585 2874 711 2928 wie-man
732 2877 756 2928 in
781 2875 862 2928 cinam
885 2874 1157 2946 Pergament-Codcxe
1180 2893 1291 2928 arnserer
1316 2877 1464 2930 Bibliothek

284 2965 449 3034 gleiclrncitig
462 2967 614 3035 angemerht
626 2966 722 3018 findet:
737 2967 893 3032 „Dominus
907 2967 1095 3019 Helnrricus
1109 2966 1161 3036 pie
1175 2966 1335 3020 memorie
1348 2970 1463 3020 nostre

286 3074 327 3123 „c
342 3055 674 3128 (congregationis)
690 3054 917 3126 sabacatha.
933 3057 1012 3129 obiit)
1033 3058 1073 3111 Kl.
1088 3058 1220 3120 Marcii,
1236 3059 1329 3110 huno
1347 3058 1462 3128 gracie

285 3150 318 3202 hl.
333 3147 382 3201 CC.
398 3146 519 3215 lxxviiijf‘
533 3180 567 3188 -
580 3147 707 3199 Hiernnch
721 3147 779 3200 sind
793 3147 835 3199 die
849 3147 996 3217 hisberigen
1008 3147 1104 3216 irrigen
1117 3148 1243 3220 hngahcn
1254 3167 1285 3201 zu
1300 3152 1464 3224 rerbcssern.

288 3237 376 3310 (Auch
390 3237 431 3290 die
444 3237 511 3291 Note
525 3237 713 3307 Keihlinger’s,
732 3239 809 3300 Mello,
828 3237 846 3289 I.
865 3239 926 3292 340.
939 3237 981 3308 2.)

357 3329 475 3401 2)Siehc
487 3327 1016 3400 diebetrefl'endeUrh.Bischosticpold
1030 3327 1212 3382 vonPassauv.
1227 3327 1340 3383 ,1.1184.
1349 3329 1464 3384 Nnxvt

818 3463 926 3533 XLIX.

285 3601 357 3675 1263,
376 3601 419 3660 29.
438 3601 593 3660 butember.
613 3601 759 3674 Gottweig.
772 3634 808 3644 —-
821 3603 866 3656 Die
880 3603 982 3656 Brddcr
994 3602 1098 3654 Konrad
1111 3601 1161 3654 und
1176 3601 1282 3656 Gerhoh
1297 3621 1347 3656 von
1360 3604 1464 3658 Maner-

285 3695 339 3765 ling
351 3694 481 3746 scheuken
495 3693 542 3746 mit
554 3693 621 3744 Rath
635 3693 685 3744 und
699 3697 789 3760 gutem
802 3692 896 3746 Willen
917 3692 986 3744 ihrer
1003 3691 1185 3745 mislterlioheu
1198 3692 1308 3746 Ohelme
1329 3694 1403 3746 einen
1416 3694 1467 3746 bloi

284 3785 309 3838 in
333 3785 514 3854 hlaispirhaum
540 3785 598 3836 dem
624 3783 801 3836 Gottcshause
825 3784 970 3853 Gdttweig.
995 3801 1051 3836 zum
1075 3783 1240 3836 Seelenheile
1263 3784 1337 3838 ihrer
1359 3786 1464 3844 hlutter.

287 3876 385 3930 welche
408 3876 438 3927 da
458 3876 587 3944 begrabeu
608 3875 688 3944 liegt,
708 3876 760 3927 und
782 3892 828 3926 aus
848 3875 926 3928 biche
949 3893 980 3926 zu
1000 3875 1080 3927 ihrem
1099 3873 1200 3927 Bruder
1221 3875 1362 3939 heinrich,
1381 3875 1426 3928 der
1440 3875 1463 3928 in

597 3965 645 4020 das
658 3967 763 4020 Kloster
776 3966 810 4019 ist
823 3967 1020 4035 autgenommen
1033 3964 1145 4019 worden.

807 4067 940 4128 [Original]

374 4179 435 4242 Nos
454 4179 639 4246 Charmadas
662 4183 692 4241 et
709 4178 872 4243 Gerholros
893 4178 1002 4240 fratres
1021 4174 1319 4264 deMewerlinqc1)
1337 4197 1463 4260 presen-

286 4291 363 4353 cium
397 4289 567 4353 testimonio
603 4295 700 4352 notum
736 4289 861 4350 facimus
889 4289 1037 4351 uniuersis
1065 4293 1122 4351 tam
1156 4287 1350 4370 presentibus
1379 4308 1462 4372 mom

284 4401 407 4473 futuris,
432 4398 510 4484 quod
528 4399 566 4462 ob
590 4399 756 4462 remedium
780 4397 876 4460 anime
892 4398 996 4460 matris
1009 4394 1038 4481 ²)
1063 4401 1181 4467 nostre,
1199 4417 1258 4481 que
1282 4397 1312 4459 in
1330 4395 1461 4460 ecclesia

288 4510 494 4576 Cbotwiccnoi
527 4509 628 4572 hahuit
656 4506 855 4590 sepulturam,
892 4511 923 4569 et
950 4507 987 4570 oh
1017 4506 1214 4570 dileccioncm
1242 4506 1345 4569 fratris
1370 4505 1464 4569 nostri

286 4620 434 4686 Heinricc'
447 4618 474 4704 ⁸)
500 4621 549 4704 qui
574 4620 602 4682 in
626 4617 731 4682 eodem
753 4614 884 4681 Cenobio
907 4621 1047 4704 receptus
1068 4622 1116 4687 est
1137 4618 1168 4681 in
1184 4618 1326 4690 fratrem,
1350 4616 1462 4682 curiam
