3122 5096
1207 411 1257 481 63

79 587 199 650 eiusdem
232 608 327 670 super
358 606 461 651 sacras
494 590 664 650 sanctorum
697 584 839 668 reliquias
871 586 992 668 peregit
1026 586 1128 651 multis
1160 607 1259 650 coram

79 695 242 760 astantibus.
268 697 306 758 Et
329 696 371 758 hii
387 701 482 758 testes
506 701 574 758 sunt
590 695 727 757 adhibiti.
755 695 940 771 Waltberee.
963 695 1125 759 Adelrom.
1145 697 1261 782 patrui

77 807 144 871 eim.
165 805 300 870 Hertnit
326 808 433 890 frater
463 804 540 868 eius.
573 805 741 870 Hademar
771 805 812 868 de
843 805 1003 889 ebaferia.
1038 806 1191 871 Cbenred
1220 806 1260 869 de

79 914 259 979 Wmilebe.
291 914 460 1002 Meqinber
487 919 519 978 et
543 915 651 997 frater
677 915 745 979 eius
774 915 951 980 Hedimicb
977 917 1018 980 de
1039 915 1259 998 imieiniedorf.

82 1023 245 1088 Wettberuo
267 1023 308 1087 de
331 1023 441 1086 eedem
466 1021 557 1086 aitte.
585 1023 761 1087 Hedomer.
781 1025 886 1090 Gozro.
902 1025 941 1088 de
954 1023 1157 1109 pozinisdors
1171 1021 1261 1086 ethii

77 1131 190 1194 nobiles.
227 1131 300 1194 item
328 1130 367 1192 de
395 1129 653 1194 ministerialibus.
685 1133 857 1196 Heinriees
883 1131 924 1196 de
943 1131 1113 1196 corinthia.
1149 1133 1258 1196 Trono

76 1239 235 1304 dderrebt
255 1243 286 1302 et
303 1239 445 1304 Weebere
462 1243 492 1301 et
509 1239 673 1322 Gotfridoo
689 1241 728 1303 de
744 1241 863 1305 troiam.
895 1240 1068 1327 Mepinqoe.
1091 1240 1257 1305 Hartman.

75 1349 215 1434 Eberper.
253 1347 403 1412 Wtimar.

594 1533 730 1604 oonlx.

155 1671 264 1735 Notum
287 1673 327 1734 sit
348 1675 406 1734 tarn
430 1671 625 1754 presentibus
653 1691 740 1754 qnam
764 1672 942 1756 profuturis.
972 1671 1258 1756 qualiterMoreb·

73 1782 192 1845 werdae
213 1781 254 1845 de
272 1776 450 1864 sedendorf
466 1781 534 1844 data
556 1780 699 1844 facultate
720 1801 784 1842 sua.
816 1781 999 1862 impetrauit.
1032 1780 1111 1864 quod
1139 1782 1258 1866 quidam

74 1888 179 1952 noeto
192 1889 256 1953 air.
274 1889 393 1950 nomine
410 1870 565 1954 Wieburt.
582 1888 743 1953 decadem
759 1889 837 1952 loco.
854 1895 885 1950 et
895 1909 983 1953 acor
993 1889 1061 1954 eius
1073 1889 1258 1953 Benedicta.

74 2001 102 2058 et
112 1998 172 2081 filii
186 2019 295 2062 eorum
312 1997 493 2064 Wicdberd
514 1995 634 2060 scilieet
650 2001 681 2058 et
701 1997 893 2085 Wolfstripil.
910 2001 942 2060 et
956 1997 1114 2084 Sipibord
1128 1997 1261 2061 adbibita

72 2107 100 2167 et
113 2125 195 2168 mann
208 2107 278 2191 filie
293 2129 350 2171 oue
366 2106 540 2171 Benedicte
555 2104 689 2168 tradidit.
707 2127 732 2168 s.
750 2104 800 2167 dei
815 2106 966 2186 genitrici.
993 2106 1031 2168 M.
1052 2107 1088 2169 ad
1106 2107 1258 2171 Kotroe‘cb.

72 2214 245 2294 potestatiua
278 2235 366 2278 manu
391 2213 543 2276 dimidium
574 2233 706 2276 mansum
729 2214 763 2276 ire
785 2215 894 2278 eadem
914 2214 1005 2278 otte.
1032 2214 1087 2278 bac
1117 2215 1260 2278 duntaxat

71 2319 241 2384 condicione
266 2325 298 2383 ut
320 2323 455 2406 prefatus
479 2320 724 2386 Merebaeardas
752 2326 782 2383 et
804 2321 901 2384 omnis
929 2323 1086 2385 successio
1115 2324 1188 2385 eius.
1222 2322 1259 2386 ab

71 2428 169 2491 eadem
201 2430 333 2494 ecclesia
366 2431 462 2513 ipsum
494 2429 609 2513 absque
640 2428 740 2512 aliqua
771 2429 987 2511 refragatione.
1021 2429 1162 2493 beneficii
1194 2431 1258 2495 iure

70 2541 210 2619 perpetuo
245 2537 410 2621 possideat.
446 2541 476 2599 et
507 2538 656 2599 annuatim
690 2538 769 2602 XXX
807 2557 912 2601 numos
950 2538 1057 2602 exinde
1096 2540 1258 2622 persoluat.

71 2644 131 2726 Quo
148 2665 195 2708 res
212 2646 365 2710 annitente
387 2646 526 2711 eimdem
549 2646 612 2710 Ioci
630 2647 777 2733 plebano.
795 2649 920 2711 domino
939 2648 1109 2712 cuonrado
1134 2648 1258 2712 diffinita

69 2756 113 2814 est
134 2755 164 2816 in
185 2753 340 2836 presentia
364 2753 485 2817 domini
508 2753 652 2818 Gerbobi
673 2754 802 2819 dotato
820 2757 879 2842 pie
896 2757 1045 2820 memorie
1068 2755 1259 2839 presentibus

69 2861 231 2927 Friderico
248 2865 279 2925 et
299 2861 505 2926 Obodelbobo
525 2863 703 2949 capellanis
724 2865 798 2926 eius.
820 2867 926 2947 fratre
950 2883 1069 2948 quoque
1091 2864 1259 2929 Attrnanno

69 2972 135 3032 tunc
144 2969 290 3052 temporis
301 2970 476 3055 preposito.
490 2968 545 3033 Cui
557 2970 602 3033 rei
615 2971 815 3034 testificantur
823 2973 887 3056 filit
894 2973 1006 3058 ipsios.
1028 2974 1070 3038 W.
1086 2971 1258 3059 (iobbard).

71 3074 309 3164 W(olfstrigit).
326 3076 359 3140 S.
375 3073 548 3162 (igehard).
571 3077 614 3140 De
633 3078 852 3143 habitatoribus
866 3082 954 3145 etiam
967 3079 1025 3142 ioci
1042 3080 1132 3143 illius.
1150 3083 1257 3145 Hezel.

70 3189 240 3254 Hedemar.
276 3190 450 3254 Geteseolc.
484 3189 663 3252 Heinrieres.
697 3189 742 3250 De
757 3183 897 3253 mdinicb
915 3189 1043 3253 Gerold.
1076 3164 1257 3253 (idelricua.

69 3294 110 3360 De
132 3298 361 3381 titricbesdoaf
379 3297 520 3382 Wolsold.
548 3299 728 3362 Petenwort.
758 3296 886 3379 Itodots.
919 3297 964 3358 De
983 3295 1094 3358 familia
1111 3295 1259 3359 ecetesia-

69 3405 139 3467 stiea
164 3405 365 3470 Cbunradas.
385 3382 586 3470 (ideiscaleb.
611 3405 770 3469 Herwieb.
806 3406 899 3470 Eber.
934 3404 1144 3469 Helmdertus.
1172 3404 1253 3468 Otto.

68 3514 183 3600 Poppo.
209 3517 351 3579 Hermen
367 3513 408 3577 de
427 3536 537 3602 poree.
570 3513 710 3601 Sipifrtd
723 3515 763 3578 de
778 3514 963 3598 Eblce‘ndotf.
988 3512 1033 3576 Ad
1049 3512 1257 3576 inuestituram

68 3619 106 3685 hii
122 3622 213 3686 idem.

602 3809 724 3880 CCXX.

153 3949 285 4011 Nouerit
296 3949 477 4012 uniuersitas
488 3947 609 4012 Christo
623 3948 808 4011 credentium
821 3947 950 4033 qualiter
958 3947 1077 4033 quidam
1088 3924 1258 4014 (delatrices

65 4057 169 4120 senior
183 4056 227 4120 de
238 4055 413 4143 perinette
435 4055 558 4120 tradidit
573 4057 602 4118 in
618 4075 722 4118 manus
739 4057 892 4120 cuiusdam
908 4057 966 4120 uiri
982 4057 1128 4122 Bertoldi
1141 4056 1259 4121 scilicet

66 4163 104 4226 de
114 4164 384 4250 pmnelentbdorfi
410 4165 590 4248 mancipium
616 4183 702 4227 unum
726 4163 845 4228 dditind
868 4166 987 4228 nomine
1010 4185 1076 4229 eum
1102 4165 1181 4229 omni
1204 4185 1258 4229 sua

66 4273 255 4352 posteritate.
273 4271 329 4335 bac
346 4271 523 4337 condicione
541 4276 573 4336 ut
588 4273 655 4356 ipse
672 4273 829 4355 delegaret
844 4273 916 4336 illud
932 4293 1025 4357 super
1041 4273 1136 4336 altare
1152 4277 1257 4337 sancte

66 4378 169 4443 idarie.
195 4381 284 4462 Quod
306 4385 337 4443 et
359 4381 425 4464 ipse
447 4385 553 4464 postea
575 4381 718 4465 impleuit.
744 4381 848 4444 ascitis
869 4381 916 4444 bis
932 4381 1072 4444 testibus.
1097 4377 1257 4468 Rddiyero

64 4487 102 4550 de
124 4488 369 4576 episinisperpe.
402 4489 554 4555 Heinrieo
580 4491 622 4555 de
647 4489 815 4556 barieooio.
843 4471 1002 4576 Heruipo.
1034 4490 1195 4555 Adelbero
1218 4491 1259 4554 de

64 4597 180 4662 dediti.
198 4597 367 4684 Mepinpoe
382 4599 423 4663 de
434 4599 636 4664 veldwindin.
655 4599 821 4686 Sipifrido.
