3074 5094
268 433 344 505 350

264 608 421 672 iocundius
435 609 612 683 delectatur,
631 630 688 696 quo
705 611 781 695 ipsa,
799 615 901 694 utpote
918 613 1013 673 mater
1029 609 1093 671 eius
1110 609 1230 680 effecta,
1246 607 1359 670 meruit
1370 606 1453 670 altius

265 717 378 780 sanctis
396 718 507 782 ceteris
523 719 554 781 in
570 718 733 783 celestibus
750 718 904 783 collocari.
935 717 1097 802 Cupientes
1114 717 1227 800 igitur,
1252 720 1286 780 ut
1307 717 1453 780 Mouaste·

263 823 339 889 rium
360 825 391 887 in
407 825 566 891 Cbotwioo
584 827 698 890 ordinis
715 828 813 889 sancti
829 825 992 898 benedicti,
1018 825 1203 888 Patauiensis
1221 824 1366 897 diocesis,
1382 823 1455 908 quod

263 930 292 993 in
309 929 423 995 honore
441 931 536 1016 ipsius
552 933 687 1014 gloriose
700 933 834 1024 Virginis
848 932 943 996 blarie
956 937 1004 995 est
1020 931 1194 1014 insignitum
1210 930 1372 1004 uocabulo,
1390 951 1458 994 oon-

263 1039 348 1120 gruis
365 1039 530 1104 honoribus
546 1040 772 1124 frequentetur,
798 1039 933 1106 omnibus
949 1061 1022 1104 vere
1039 1040 1243 1125 penitentibus
1260 1043 1292 1102 et
1309 1025 1460 1102 confessis

263 1147 313 1231 qui
330 1145 367 1210 ad
385 1147 496 1211 dictum
512 1149 725 1212 monasterium
740 1149 771 1212 in
787 1149 865 1212 testo
881 1148 1071 1221 Natiuitatis,
1095 1148 1339 1211 Resurrectionis
1357 1148 1457 1210 111111-

264 1256 415 1318 censionis
432 1255 542 1319 domini
559 1261 590 1319 et
605 1255 813 1328 Pentecostes,
836 1257 867 1320 in
884 1257 1013 1338 siugulis
1030 1255 1244 1319 festiuitatibus
1262 1255 1359 1338 ipsius
1374 1255 1458 1318 beate

263 1360 360 1425 ltlarie
376 1382 497 1446 semper
514 1363 663 1446 Virginis,
688 1363 719 1427 in
735 1366 814 1428 lesto
831 1366 959 1428 omnium
976 1365 1178 1448 apostolorum
1196 1369 1228 1427 et
1243 1363 1456 1446 Euangelista-

262 1487 337 1540 rum,
363 1471 487 1534 infesto
504 1470 659 1536 beatorum
677 1473 850 1544 Benedicti,
875 1473 1060 1538 Altomaom'
1078 1470 1105 1558 ¹)
1129 1471 1265 1535 eiusdem
1283 1472 1457 1536 blonasterii

263 1577 442 1660 fundatoris,
467 1579 631 1653 Laurentii,
657 1581 826 1654 Michaelis,
851 1582 981 1653 ltlartini,
1005 1579 1141 1652 Nicolai,
1166 1579 1293 1643 Joannis
1311 1581 1456 1663 Baptiste,

264 1683 401 1750 Omnium
418 1685 597 1752 Sanctorum
614 1693 646 1752 et
663 1689 692 1750 iu
709 1687 900 1753 dedicatione
916 1689 1011 1772 ipsius
1028 1687 1222 1760 Monasterii,
1248 1691 1280 1750 et
1299 1695 1369 1752 octo
1396 1689 1458 1752 die-

261 1792 318 1856 bus
336 1793 433 1859 dictas
450 1795 633 1865 festivitates
649 1795 819 1860 immediate
841 1795 1054 1882 sequentibus,
1076 1817 1144 1859 cum
1168 1795 1332 1860 deuotione
1355 1817 1457 1863 acces-

261 1904 360 1966 serint
377 1907 527 1968 annuatim
551 1909 581 1968 et
602 1924 718 1968 manum
735 1906 925 1988 porrexerint
942 1905 1137 1994 adiutricem,
1161 1904 1211 1967 uel
1233 1904 1459 1989 quomodolibet

261 2011 402 2075 debonis
424 2013 559 2096 ipsorum
580 2034 635 2098 pro
661 2014 795 2089 fabrica,
820 2015 1033 2087 luminaribus,
1055 2015 1216 2078 structuris
1240 2017 1273 2076 et
1294 2015 1363 2078 aliis
1387 2015 1457 2078 dicti

261 2121 436 2184 monasterii
453 2123 636 2186 ornamentis
653 2121 792 2186 dederint
808 2123 856 2188 uel
873 2124 1025 2194 miserint,
1051 2142 1105 2185 seu
1122 2123 1152 2184 in
1169 2123 1313 2186 extremis
1330 2122 1457 2204 legaue·

261 2229 321 2290 rint
338 2227 376 2290 de
390 2231 601 2312 omnipotentis
614 2230 671 2293 Dei
684 2230 894 2295 misericordia
912 2235 943 2294 et
957 2231 1053 2313 ipsius
1069 2229 1203 2312 gloriose
1212 2230 1349 2310 Virginis
1366 2232 1459 2294 llarie

238 2351 242 2374 ’
261 2355 296 2398 ac
311 2333 467 2400 beatorum
484 2337 570 2401 Petri
586 2342 616 2400 et
631 2337 715 2401 Pauli
732 2340 933 2421 apostolorum
959 2339 1023 2402 eius
1046 2338 1226 2401 auctoritate
1243 2338 1363 2411 conlisi,
1387 2341 1457 2404 Sin·

261 2443 323 2526 guli
335 2448 468 2508 nostrum
481 2434 679 2530 quadraginta
692 2445 757 2510 dies
771 2446 809 2509 de
821 2446 964 2510 iniunctis
982 2448 1026 2509 eis
1043 2446 1229 2529 penitentiis,
1246 2447 1285 2509 ad
1301 2468 1414 2530 preces
1429 2453 1457 2511 et

260 2553 436 2616 instanciam
460 2553 563 2617 dilecti
585 2554 670 2618 nobis
695 2555 727 2616 in
744 2553 861 2617 Christo
884 2554 1002 2618 honesti
1023 2553 1080 2617 viri
1102 2553 1230 2619 Andree
1252 2554 1292 2618 de
1314 2556 1411 2620 Staio
1427 2553 1455 2639 ¹)

250 2659 342 2724 'dicte
358 2660 508 2735 diocesis,
532 2654 771 2726 misericorditer
785 2663 815 2725 in
833 2661 951 2726 domino
968 2661 1153 2735 relaxamus,
1178 2663 1339 2727 dummodo
1366 2663 1404 2726 ad
1426 2663 1454 2727 id

261 2768 417 2834 diocesani
433 2769 571 2834 voluntas
588 2772 755 2834 accesserit
771 2775 801 2834 et
818 2789 994 2835 consensus.
1019 2771 1050 2834 ln
1075 2771 1160 2834 cuius
1182 2771 1227 2834 rei
1251 2771 1455 2836 testimonium

261 2882 363 2940 nostra
389 2877 489 2959 sigilla
512 2877 647 2942 duximus
675 2877 868 2961 presentibus
891 2877 1078 2962 apponenda.
1108 2879 1214 2956 Datum
1238 2879 1344 2943 Rome.
1373 2881 1455 2944 Anno

261 2985 374 3048 domini
402 2987 561 3050 Millesimo
588 2986 814 3062 trecentesimo.
846 2987 951 3050 Mense
980 2986 1088 3049 lllartii.
1120 2985 1316 3052 Pontificatus
1346 2987 1454 3051 domini

259 3094 405 3158 Bonifacii
421 3115 500 3179 pape
516 3093 624 3159 Octaui
640 3115 715 3158 anno
731 3099 825 3158 sexto.
933 3125 941 3142 ·

331 3291 379 3344 Die
393 3306 500 3358 grosse,
519 3291 602 3346 scbdn
619 3288 812 3358 gesebriebene
827 3288 952 3342 Urlrunde
972 3290 1007 3342 ist
1020 3307 1060 3342 um
1080 3293 1191 3343 unteren
1210 3291 1455 3360 eingescblogencn

258 3381 349 3434 Rando
363 3381 410 3433 mit
422 3381 495 3436 einer
507 3382 603 3433 rothen
617 3381 722 3434 Scbuur
735 3378 943 3440 durcbflocbten,
967 3397 1000 3432 an
1013 3378 1061 3431 der
1074 3381 1142 3432 nocb
1154 3380 1281 3434 siebzebn
1294 3379 1454 3435 woblorlml-

258 3474 320 3525 tene
334 3473 410 3524 rothe
424 3471 514 3539 Siegel
527 3471 647 3540 hingem
667 3470 709 3524 die
723 3470 834 3538 dbrigen
847 3469 906 3524 sind
918 3469 1075 3538 obgelallen.

331 3561 363 3633 1)
384 3563 467 3615 Unser
495 3561 589 3614 Stitter
614 3561 724 3614 Biscbol
747 3561 903 3614 Altmann
934 3578 984 3613 von
1008 3561 1105 3614 Passau
1130 3559 1220 3613 wurde
1249 3577 1321 3614 zuar
1348 3561 1452 3614 niemals

257 3651 377 3706 sdrmlich
397 3650 553 3714 beatificirt‚
578 3652 645 3704 doch
665 3651 710 3704 hat
729 3667 785 3702 man
805 3651 849 3702 ibn
869 3668 918 3704 von
934 3649 1013 3718 jeher
1032 3651 1070 3703 als
1090 3649 1236 3718 Seligen
1256 3650 1327 3704 bocla
1347 3652 1451 3704 verebrt

256 3743 309 3796 und
326 3743 376 3794 den
389 3743 502 3810 lahrtag
520 3739 606 3793 seines
619 3739 842 3793 Dabinsclreidens
862 3740 904 3810 (8.
919 3741 1024 3809 August
1038 3741 1122 3810 1091)
1142 3741 1167 3793 in
1181 3741 1320 3811 Gdttweig
1331 3741 1451 3796 seierlicb

257 3835 404 3902 begangen.
425 3833 500 3903 (Vgl.
520 3830 594 3884 Seite
606 3831 687 3902 aad.)
700 3861 736 3872 —-
753 3833 826 3885 dotat
845 3831 908 3884 wird
926 3831 985 3884 sein
997 3831 1060 3884 Fest
1084 3831 1232 3900 oltjahrlieh
1252 3848 1296 3884 am
1316 3832 1452 3902 Soantage

257 3941 303 3978 vor
322 3924 388 3976 oder
414 3923 480 3975 nach
506 3922 566 3975 dem
587 3922 613 3974 8.
637 3921 740 3991 August
765 3921 813 3974 mit
836 3921 948 3988 eigencn
972 3921 1134 3975 kircbliohen
1153 3921 1300 3991 Tugzeiteu
1325 3922 1382 3976 und
1405 3923 1451 3974 der

257 4014 282 4065 h.
296 4014 381 4066 Messe
401 4015 439 4066 als
460 4013 530 4066 eines
550 4011 684 4064 Bischoles
704 4012 757 4064 und
776 4012 927 4064 Bekonners
946 4011 1069 4080 geteiert.
1091 4042 1122 4051 -
1145 4011 1318 4066 dusfdlrrlieb
1332 4012 1449 4066 bandela

256 4104 377 4156 bierdber
398 4104 500 4156 Hieron.
515 4103 565 4154 Per
587 4102 614 4152 in
637 4101 743 4154 seinen:
768 4101 906 4154 Observat.
928 4102 1033 4171 praeriis
1055 4121 1102 4156 zur
1125 4103 1183 4156 Vita
1209 4103 1238 4154 B.
1258 4102 1401 4155 Altmanoi.
1418 4132 1446 4140 -

257 4193 357 4262 Script.
376 4191 438 4244 Rer.
456 4191 545 4244 nuso.
565 4191 640 4244 Tom.
654 4191 673 4243 l.
692 4207 754 4261 pag.
770 4190 818 4244 111
835 4195 885 4244 etc.
904 4222 939 4230 —
959 4192 1011 4244 und
1029 4191 1077 4245 der
1093 4191 1180 4245 Jesuit
1202 4193 1282 4244 Peter
1302 4191 1388 4244 Boseb
1416 4190 1446 4242 im

256 4284 424 4337 commentar
448 4299 494 4334 aur
520 4282 579 4335 Vita
599 4282 628 4334 Β.
647 4281 777 4332 Altmunni
806 4281 831 4332 in
854 4282 903 4334 den
926 4281 1000 4335 Actis
1020 4283 1187 4336 Sanctorum.
1222 4283 1306 4335 blane.
1329 4279 1446 4352 Augusti.

257 4373 332 4424 Tom.
352 4371 382 4423 ll.
401 4387 462 4442 pag.
482 4371 545 4426 356.
566 4401 603 4410 -
630 4369 678 4423 bie
699 4369 825 4439 Angaben
845 4372 898 4424 und
917 4371 1115 4440 Bemorlrungen
1135 4372 1224 4426 dieser
1242 4371 1343 4426 Beidon
1361 4371 1448 4424 stolltc

255 4463 299 4515 Dr.
325 4462 451 4515 Theodor
474 4443 646 4517 Wiederbann
671 4461 697 4514 in
728 4461 828 4514 seinem
853 4461 952 4515 bcreits
978 4461 1085 4516 citirten
1109 4463 1261 4518 Werlrcben
1287 4476 1446 4515 zusammen:

258 4551 405 4616 „bltmonn
417 4552 527 4632 Riscbol
536 4569 586 4604 von
595 4551 701 4614 Passau,
712 4553 779 4604 nach
793 4551 891 4606 seinem
905 4553 993 4605 Lebcn
1006 4553 1059 4606 und
1069 4553 1204 4607 Wirlreu.“
1213 4552 1357 4622 Augsburg
1372 4550 1444 4606 1851.

258 4643 286 4694 S.
300 4642 335 4693 88
347 4659 372 4692 u.
387 4641 413 4694 n.
