3074 5094
296 397 371 470 292

292 574 466 658 compositio
492 574 547 638 fuit
573 575 738 649 celebrata,
764 579 872 640 statuto
888 578 1015 642 termino
1032 582 1136 662 quator
1152 579 1182 642 in
1201 598 1277 642 anno
1289 577 1345 640 fuit
1360 577 1472 641 soluta.

290 683 327 747 vt
343 691 439 748 autem
456 684 513 749 hec
526 689 589 748 rata
608 687 638 748 et
661 685 837 748 inconuulsa
852 694 1055 769 permaneant,
1079 693 1109 751 et
1127 688 1337 751 nonasterium
1353 685 1472 749 Gotwi-

290 813 382 857 cense
397 791 506 858 nnllam
520 794 625 858 amodo
641 796 786 858 sustineat
802 795 946 858 lesionem
965 795 1013 858 uel
1027 798 1258 860 controuersiam
1274 795 1322 859 uel
1335 796 1471 876 calump-

289 907 376 979 niam,
400 902 537 990 presenti
559 903 708 986 scripture
730 903 821 986 sigilli
838 904 932 968 nostri
948 905 1147 969 testimonium
1164 905 1352 974 adhibemus,
1372 908 1470 966 testes

287 1015 338 1100 qui
354 1019 511 1099 presentes
526 1011 648 1076 aderant
665 1011 761 1075 notari
777 1011 960 1085 mandantes,
985 1033 1107 1097 quorum
1125 1015 1258 1096 grauitas
1276 1019 1306 1078 et
1323 1014 1469 1076 honestas

288 1142 403 1186 omnem
428 1121 623 1205 calumpniam
647 1119 792 1184 excludat.
818 1121 949 1203 Quorum
974 1122 1031 1186 bec
1056 1127 1124 1186 sunt
1145 1125 1272 1186 nomina.
1313 1123 1355 1185 Ex
1378 1126 1467 1205 parte

287 1231 431 1316 episcopi.
456 1231 624 1296 Helorinus
639 1229 758 1292 maioris
778 1229 909 1294 ecclesie
928 1231 1109 1314 prepositus.
1136 1231 1323 1297 Cbucrodus
1342 1231 1468 1293 maioris

287 1340 419 1406 ecclesie
437 1339 593 1424 plebanus.
618 1338 764 1419 Magister
784 1339 963 1404 Helurleus.
992 1337 1137 1420 Magister
1163 1340 1390 1428 Mnrquurdus.
1422 1339 1467 1400 Ile

285 1450 538 1514 ministerialibus.
578 1450 776 1515 Hudemerus
791 1448 829 1512 de
853 1449 966 1517 illusere.
1000 1451 1164 1515 liutoldus
1191 1451 1229 1514 de
1253 1449 1466 1519 Saceruetin.

284 1561 453 1626 Helurleus
469 1566 500 1622 et
523 1559 593 1623 Otto
612 1558 649 1620 dc
664 1557 845 1646 Morspech,
870 1578 992 1643 quorum
1015 1579 1105 1623 causa
1127 1560 1283 1642 agebatur.
1308 1559 1352 1622 Ex
1377 1565 1466 1642 parte

283 1669 378 1732 ducis.
405 1668 590 1733 Clourcrudus
606 1686 717 1729 comes.
742 1669 940 1732 Hederuurus
953 1668 990 1732 de
1009 1669 1241 1756 Clounnrlnpen,
1266 1675 1296 1730 et
1321 1666 1379 1729 lilii
1397 1667 1464 1730 eius

282 1779 479 1843 Hademurus
507 1781 538 1839 et
559 1775 736 1840 Helurlcus.
768 1777 921 1861 liudolfus
951 1777 989 1840 de
1011 1778 1190 1862 Pelendorf.
1232 1777 1399 1861 lrufridus
1426 1775 1464 1838 de

282 1885 459 1974 Hictperelo
483 1890 513 1948 et
536 1885 644 1947 fratres
667 1883 722 1947 sui.
759 1885 928 1949 Helcrlcus
953 1885 990 1949 de
1007 1887 1173 1973 Zeblrrperr.
1202 1886 1407 1950 Hudemurus
1427 1883 1465 1947 de

281 1994 493 2060 Sunueberch.
520 1993 707 2058 Chunrodus
724 1993 761 2056 de
777 1994 954 2065 Arustelne,
972 2000 1002 2058 et
1019 1995 1113 2058 frater
1126 1997 1190 2058 eius
1206 1995 1330 2058 Albero.
1357 1993 1467 2057 Mein·

281 2105 401 2169 hardres
420 2104 457 2166 de
476 2102 689 2185 lmaeiusdors.
716 2103 786 2166 Otto
812 2101 849 2164 de
871 2102 1075 2190 Anuluderpe.
1105 2104 1268 2168 biritoldus
1291 2101 1328 2164 de
1348 2103 1467 2166 Alien-

280 2213 377 2278 burcb
399 2215 429 2275 et
445 2212 538 2273 irater
555 2211 619 2272 eius
641 2209 835 2281 Ghuurcdus,
860 2215 890 2272 et
914 2211 963 2272 alii
977 2207 1061 2295 qu'am
1074 2211 1185 2295 plures.
1211 2213 1284 2275 Acta
1309 2217 1379 2274 sunt
1406 2211 1466 2275 bec

279 2324 345 2406 ipsa
365 2321 424 2393 die,
442 2319 556 2405 quando
577 2313 692 2383 Vtricus
714 2319 896 2402 pataviensis
917 2319 1078 2404 episcopus
1096 2325 1222 2405 quatuor
1238 2320 1343 2383 altaria
1360 2321 1464 2404 prima

279 2433 310 2494 in
330 2425 484 2496 llrrrcelde
507 2427 704 2501 consecrauit,
729 2448 785 2511 qua
807 2430 896 2491 etiam
922 2429 970 2491 die
986 2431 1065 2494 Due
1087 2428 1259 2494 licentiatus
1283 2429 1361 2493 uiam
1381 2429 1464 2492 ultra

278 2561 359 2606 mare
381 2541 498 2624 aripuit.

367 2650 450 2712 Anno
473 2647 583 2712 domini
600 2646 768 2710 hlillesimo.
793 2647 1013 2711 ducentesimo.
1035 2648 1084 2711 X.⁰
1104 2647 1187 2711 Vlll.⁰
1208 2647 1372 2713 Indictione
1390 2647 1466 2712 Vl?

280 2759 341 2824 Vl.⁰
360 2757 424 2822 Kal.
443 2757 526 2822 Julii.

351 2866 405 2921 eut
421 2865 569 2920 erhaltenes
590 2863 771 2932 Minu-Siegel
795 2861 842 2916 des
861 2863 985 2933 Herzcgs‚
1004 2863 1052 2918 wie
1066 2863 1170 2918 solches
1187 2864 1269 2919 llarl
1282 2883 1306 2918 v.
1319 2864 1411 2919 Sava
1429 2865 1465 2919 im

283 2957 478 3012 Verzeicbnisse
507 2955 555 3008 der
584 2954 672 3008 bisher
702 2955 853 3008 bekannten
885 2953 1114 3024 Figuram-Siegel
1142 2954 1191 3008 der
1221 2957 1318 3010 estem.
1343 2955 1463 3010 Firrsteu

277 3047 427 3102 beschroibt
446 3044 513 3117 (loc.
531 3044 576 3098 cit.
595 3045 667 3098 Seite
689 3044 749 3098 344.
768 3042 811 3097 Nr.
836 3042 878 3098 19.
897 3043 949 3114 (1.).

347 3127 418 3193 liber
446 3137 492 3192 das
522 3136 642 3191 Actum
672 3136 724 3189 und
747 3135 864 3189 Datum
889 3135 975 3188 dieser
995 3136 1179 3204 herzoglichen
1200 3136 1327 3190 Urkunde
1348 3138 1463 3192 handelt

274 3249 297 3285 v.
321 3230 422 3284 ldeiller
442 3229 468 3281 in
499 3227 550 3281 den
572 3227 756 3296 babenbergen
774 3226 907 3294 Regesten
931 3227 959 3280 S.
984 3228 1046 3290 25⁷,
1068 3228 1135 3280 Note
1157 3227 1209 3281 382
1238 3227 1285 3280 mit
1313 3228 1462 3282 bekannter

274 3319 483 3376 Grirndlichlreit.
494 3306 565 3372 llbor
578 3318 620 3371 die
629 3316 846 3372 vorhommenden
855 3317 987 3370 Personcn
999 3317 1052 3371 and
1064 3316 1461 3382 betrellendenGriteeramb,

276 3410 408 3473 dosuisti,
427 3409 636 3464 Strcnzenreut
648 3407 701 3462 und
713 3406 978 3464 Marobortesurccr
996 3408 1031 3462 ist
1049 3407 1082 3461 im
1093 3407 1240 3462 Saalbuche
1262 3408 1304 3464 die
1318 3408 1459 3466 'lh'adition

272 3503 318 3558 Nn.
336 3500 489 3559 cclxxvii
506 3499 697 3556 nachuusehen.

803 3633 939 3706 XXVlll.

270 3758 343 3831 1225,
357 3757 440 3817 olida.
456 3755 601 3829 tottwetg.
614 3787 651 3796 —
668 3755 722 3808 hot
740 3755 857 3810 Wezclin
876 3755 928 3808 und
947 3754 993 3808 das
1007 3755 1108 3824 Capitel
1126 3754 1258 3808 verleihen
1272 3753 1331 3808 dem
1344 3755 1455 3810 bleister

271 3850 393 3904 Heinrich
413 3867 465 3902 von
483 3847 549 3902 Nalb
569 3849 611 3902 fiir
630 3845 708 3900 zwtlf
723 3846 835 3900 Talenle
854 3848 917 3900 ewei
936 3847 1024 3899 Lehcn
1042 3845 1068 3898 in
1082 3845 1264 3915 Baumgartem
1283 3845 1327 3899 die
1337 3845 1453 3916 jthrlieh

269 3941 333 3995 Eine
360 3941 447 3994 Fuder
472 3939 548 3995 Wein
576 3937 669 3991 dienen
693 3944 818 4002 meissen,
843 3937 955 3991 welches
981 3936 1129 4006 Ertrttgniss
1153 3955 1202 3991 von
1227 3938 1381 3990 demselben
1407 3955 1453 3992 cur

273 4032 392 4102 Stiitung
411 4031 482 4086 eines
500 4023 668 4084 Frohmahle's
684 4029 726 4083 liu
746 4028 796 4082 den
815 4044 914 4098 genuen
933 4027 1050 4082 Conveni
1072 4027 1098 4079 in
1127 4026 1278 4096 Gtttweig,
1306 4027 1360 4081 und
1380 4029 1452 4082 eines

268 4123 423 4178 feierlichen
445 4121 634 4176 Todtenamtes
660 4121 702 4174 liar
727 4121 783 4174 sich
802 4120 857 4174 und
874 4119 946 4174 scine
964 4118 1102 4172 Voreltcrn
1121 4119 1252 4172 bestimmt
1271 4118 1354 4184 wird3
1383 4122 1450 4174 auch

268 4215 399 4270 iibenlttsst
419 4231 448 4268 er
467 4211 620 4284 (Heinrich)
649 4211 692 4265 die
715 4210 766 4264 ihm
792 4211 977 4280 gebiihrenden
996 4209 1205 4264 Piarreinhiinsto
1233 4228 1282 4264 von
1305 4211 1372 4265 Nolb
1399 4212 1449 4266 den

385 4304 606 4360 lllostcrbrsidern
626 4302 673 4356 aui
692 4301 754 4356 awei
777 4302 866 4362 Jahre,
886 4305 962 4356 unter
980 4301 1108 4371 gewissen
1127 4301 1328 4373 Redingungen.

788 4394 924 4455 [Original]

353 4499 385 4562 ln
402 4496 528 4561 Nomine
544 4495 657 4560 Sancte
674 4498 705 4558 et
720 4493 872 4559 lndividue
889 4492 1052 4558 Trinitatis.
1082 4493 1247 4560 chilinus
1263 4493 1313 4558 dei
1338 4495 1447 4560 Gracia

265 4607 464 4673 Gotwicensis
487 4605 596 4678 Albas,
614 4609 645 4669 et
659 4609 752 4668 totum
774 4601 906 4666 eiusdem
923 4601 981 4668 loci
998 4601 1157 4687 capitulam
1174 4603 1311 4668 omnibus
1335 4603 1447 4668 Christi
