3074 5094
263 411 339 485 330

259 588 307 653 rel
331 595 472 660 cremata,
499 593 626 673 quatuor
641 609 678 651 ex
694 586 939 651 ministerialibus
952 589 1075 666 austrie,
1096 589 1147 674 qui
1165 585 1336 651 consiliarii
1349 585 1462 648 fuerint

259 697 407 780 principis
420 700 513 768 terre,
530 697 601 758 hinc
618 695 689 760 inde
705 695 852 760 debemus
868 697 1018 779 utrimque
1031 696 1156 780 eligere,
1174 696 1212 759 ad
1223 715 1351 778 quorum
1362 694 1462 756 consi-

262 803 333 866 lium
351 803 478 889 dampna
496 803 562 866 dats
575 808 681 868 teneor
693 806 853 867 resarcire.
880 803 914 867 Si
931 823 1004 866 uero
1022 825 1077 886 pro
1094 803 1230 886 generali
1248 810 1333 866 terre
1351 822 1462 865 neces-

261 913 351 975 sitate
379 913 408 974 in
442 911 614 975 civitatibus
642 915 672 974 et
703 911 779 974 locis
805 911 936 995 publicis
959 913 1048 975 fuerit
1072 912 1229 994 expedicio
1259 911 1461 994 proclamata,

262 1024 393 1083 stouram
417 1019 447 1081 in
471 1020 668 1083 aduocatione
693 1037 758 1081 mea
783 1020 924 1102 recipere
949 1017 1047 1082 debeo
1072 1021 1109 1083 ab
1134 1019 1305 1082 hominibus
1329 1037 1461 1100 compe-

261 1133 384 1199 tentem,
410 1127 543 1190 discreto
566 1133 665 1190 tamen
690 1127 801 1189 domini
831 1125 948 1189 abbatis
980 1128 1088 1189 nuncio
1110 1127 1268 1189 mediante.
1310 1127 1462 1188 Preterea

261 1235 293 1298 in
320 1235 637 1317 recompensacionem
668 1235 861 1318 dampnorum
887 1253 946 1319 que
976 1235 1114 1318 predicte
1136 1233 1267 1298 ecclesie
1291 1233 1322 1295 in
1349 1233 1463 1295 eadem

262 1343 463 1406 aduocatione
479 1347 566 1427 paler
590 1363 673 1405 meus
687 1347 718 1406 et
740 1363 798 1424 ego
814 1344 940 1406 fecimus
958 1341 1074 1426 absque
1089 1343 1165 1413 iure,
1192 1347 1346 1406 vecturam
1368 1360 1462 1424 quarn

262 1450 413 1514 annuatim
436 1451 614 1513 extorsimus
638 1449 675 1513 ab
697 1450 866 1514 hominibus
888 1451 1060 1513 memoratis
1086 1469 1145 1532 ego
1163 1449 1424 1534 quemadmodum
1437 1453 1467 1512 et

261 1561 327 1643 ipse
352 1562 500 1641 perpetuo
522 1557 679 1631 relaxans,
714 1557 894 1641 promittens
922 1558 1022 1621 dictos
1054 1557 1190 1620 homines
1217 1578 1252 1621 ea
1278 1560 1408 1620 ratione
1436 1557 1465 1618 in

262 1671 417 1749 posterum
439 1685 499 1728 non
522 1666 655 1748 grauari.
686 1667 726 1730 Ut
747 1673 845 1729 autern
870 1665 929 1728 hee
953 1670 1020 1728 ncta
1043 1664 1136 1728 robur
1159 1666 1287 1730 habeant
1306 1670 1466 1749 perpetue
1517 1685 1519 1688 ’

260 1773 419 1846 firmitatis,
444 1779 618 1856 presentem
641 1773 771 1838 litteram
794 1793 871 1845 meo,
903 1793 938 1836 ae
963 1771 1075 1836 domini
1100 1774 1226 1838 Ottonis
1250 1775 1286 1837 de
1306 1775 1465 1839 Haslowe

258 1887 328 1945 tune
345 1881 456 1945 iudicis
473 1881 636 1962 generalis,
662 1886 693 1944 et
719 1879 829 1944 domini
846 1881 994 1946 Leatotdi
1009 1881 1046 1942 de
1066 1881 1280 1968 Chnnrinpca,
1307 1884 1464 1965 pincerne

260 2009 315 2073 per
338 1990 499 2061 Austriam,
523 1995 554 2052 et
577 1989 688 2052 domini
709 1989 869 2075 Stephani
884 1991 922 2053 de
940 1989 1087 2054 Miecoaoe
1114 1991 1225 2071 sigillis
1247 1991 1310 2053 ieci
1335 1993 1464 2054 muniri.

262 2100 372 2161 Testes
402 2103 479 2159 sunt.
521 2097 666 2161 Dominus
695 2098 765 2162 Otto
798 2097 836 2160 de
858 2099 1015 2162 Haeduae.
1057 2100 1200 2162 Dominus
1225 2100 1408 2164 Lentoldas
1436 2105 1467 2163 et

264 2207 407 2269 Dominus
429 2205 602 2270 Heinrieru
620 2206 730 2268 tratres
758 2205 795 2268 de
813 2206 1005 2291 Chaurinpe.
1041 2207 1186 2269 Dominus
1203 2207 1395 2293 Stephanus
1428 2207 1466 2270 de

263 2317 419 2380 Missorce·
452 2314 596 2376 Dominus
621 2313 809 2378 Chanrodus
826 2313 864 2376 de
886 2314 1076 2378 Samerowe.
1101 2315 1246 2377 Dominus
1271 2315 1467 2381 Chalhohae

262 2429 292 2488 et
318 2423 462 2486 Dominus
484 2421 663 2486 Rimhertas
682 2422 791 2483 tratres
812 2421 849 2485 de
867 2422 1051 2504 Ehersdorf.
1085 2421 1227 2485 Dominus
1252 2425 1468 2489 Hermanno-s

260 2531 298 2594 de
330 2530 564 2614 ll'otshersdorf.
609 2529 754 2592 Dominus
780 2529 971 2594 Chanradao
992 2536 1023 2593 et
1047 2533 1189 2594 Dominus
1211 2532 1467 2598 Marchwardae

259 2639 371 2702 t'ratres
396 2639 434 2702 de
461 2638 637 2720 Pilchdorf.
683 2636 829 2700 Dominus
859 2639 1050 2704 Chanradas
1075 2645 1105 2703 et
1128 2639 1271 2702 Dominus
1291 2639 1466 2722 lrnfridae

262 2748 373 2812 fratres
397 2747 435 2810 de
457 2742 659 2833 Pdehperch.
688 2745 832 2807 Dominus
856 2747 1024 2832 Menpotas
1052 2747 1090 2810 de
1111 2749 1308 2834 Retelperpe.
1339 2748 1466 2814 Altero

260 2856 404 2919 Dominus
440 2854 478 2916 de
514 2853 711 2918 holcenstein.
764 2847 956 2918 Chanradns
1002 2856 1145 2918 Dominus
1180 2856 1218 2918 de
1255 2857 1464 2942 Offenhareh

260 2965 404 3026 Dominus
445 2962 634 3028 Chanradas
680 2960 872 3026 Ysanheotet.
932 2963 1076 3026 Dominus
1117 2964 1186 3050 Offo
1227 2963 1266 3026 de
1300 2966 1464 3030 Aruerat.

265 3072 425 3158 Wtainpm
437 3076 468 3133 et
485 3071 556 3134 Otto
570 3071 680 3132 iratres
694 3068 731 3131 de
744 3069 861 3134 Walde.
883 3069 1038 3143 Ditrioas,
1054 3071 1276 3147 Wernhurdra,
1297 3069 1466 3160 ll’loe’npuo

260 3179 371 3242 fratres
407 3179 445 3241 de
476 3178 635 3242 Hauselin.
675 3177 863 3242 Fridericus
891 3183 922 3240 et
951 3179 1142 3244 Chanradas
1166 3179 1236 3242 dicti
1264 3178 1464 3245 Yoenheotel.

265 3288 339 3350 ltern
359 3288 431 3352 Otto
453 3287 551 3349 dictus
567 3286 740 3350 Schetwer.
766 3286 939 3350 Hellanicus
956 3285 994 3348 de
1016 3287 1209 3372 Cherspach.
1234 3286 1466 3373 Erchenperue

262 3394 342 3457 filius
359 3415 440 3458 suus.
464 3394 648 3481 Stephanae
669 3413 762 3476 super
776 3396 868 3458 Pora.
892 3395 1073 3481 Leapotdas
1095 3399 1125 3456 et
1140 3393 1324 3481 Stephanus
1342 3395 1463 3458 iratres

262 3504 301 3567 de
316 3505 427 3568 Prata.
445 3503 618 3566 Leatotdas
634 3502 672 3565 de
689 3502 909 3567 Hohcndcroh.
933 3500 1177 3566 Marchwurdao
1192 3502 1231 3564 de
1242 3503 1462 3577 Neroonwald,

264 3619 295 3675 et
307 3612 411 3697 plures
426 3611 475 3674 alii
492 3610 551 3674 fide
562 3611 656 3691 digni.
687 3611 792 3673 Datum
806 3611 934 3676 Wicnne
945 3611 1030 3672 Anno
1048 3609 1159 3672 domini
1173 3610 1225 3671 ll⁰.
1241 3609 1311 3673 00⁰.
1327 3610 1462 3674 cxxxi.

261 3721 335 3783 xlr.
353 3719 504 3782 Kalendas
519 3719 634 3782 Marcii.
658 3718 825 3782 lndictione
841 3718 890 3779 IX.

335 3880 375 3933 An
394 3879 443 3934 der
460 3879 584 3933 Urkunde
603 3878 707 3946 bingen
726 3895 775 3931 nur
793 3877 858 3930 zuei
877 3877 984 3947 Siegel;
1003 3877 1051 3931 das
1073 3881 1145 3931 erote
1165 3878 1212 3932 des
1233 3878 1364 3933 Chalho
1376 3883 1462 3936 chus

262 3971 302 4024 de
322 3972 412 4024 llohe
421 3971 525 4038 nberg
543 3969 578 4022 ist
597 3985 663 4038 ganz
677 3968 764 4036 gleieh
777 3969 837 4021 dem
850 3967 892 4021 bei
907 3969 1058 4031 llanthaler,
1071 3969 1182 4024 Recens.
1196 3968 1303 4040 diplom.
1317 3973 1461 4041 genealog.

262 4061 293 4116 T.
303 4061 333 4114 ll.
347 4060 449 4114 Tabula
460 4060 570 4114 XXXIV.
580 4060 625 4112 Nr.
638 4060 693 4113 xlx
708 4058 907 4127 abgebildetem
930 4057 976 4110 das
990 4059 1092 4120 sweite,
1110 4059 1274 4113 Leutoldi
1296 4060 1336 4113 de
1350 4060 1460 4116 Chun-

261 4152 393 4220 ringsn,
412 4150 577 4221 pincerne
592 4148 742 4209 Austris,
760 4147 1459 4208 intermissumue.Tom.1.Tab.xxtx.Nr.xt.

337 4241 369 4312 l)
390 4241 430 4294 st.
451 4240 511 4294 Veit
532 4258 565 4293 un
584 4240 633 4293 der
653 4239 753 4292 Gdlsen
772 4237 822 4307 (ad
846 4236 1004 4308 Golsenam)
1026 4239 1123 4292 unweit
1141 4239 1297 4300 Lilienield,
1317 4242 1393 4296 nicht
1412 4259 1460 4308 „an

263 4332 311 4385 uer
325 4331 456 4391 (rouen,u
478 4333 526 4386 wie
540 4332 565 4384 n
582 4328 736 4399 winegisus
750 4329 910 4400 Sensuplsu
925 4328 973 4380 aes
991 4328 1022 4383 u.
1040 4315 1070 4384 d.
1088 4329 1179 4391 nasu,
1197 4330 1238 4386 1v.
1251 4331 1335 4394 nanu,
1355 4331 1386 4384 s.
1399 4333 1458 4390 oso.

263 4423 333 4478 Zeile
357 4424 393 4476 ld
412 4441 434 4477 v.
454 4440 477 4476 o.
498 4423 578 4476 steht.

335 4513 368 4586 2)
389 4513 469 4568 Siehe
491 4511 533 4565 die
552 4508 768 4579 roreusgehende
781 4507 1087 4578 Destitigungsurkunde
1101 4509 1131 4564 K.
1145 4508 1282 4565 Ottolrar's
1301 4530 1326 4566 v.
1340 4513 1363 4569 J.
1382 4511 1459 4575 ¹268.

264 4605 308 4659 30.
327 4605 391 4658 Dec.
411 4603 472 4674 (Νι.
493 4601 560 4656 ΜΠ.
589 4602 664 4657 Seite
676 4597 755 4669 319.)
