3094 5094
281 377 332 452 90

280 553 313 620 S.
332 555 428 622 Mario
447 579 509 645 pre
530 558 668 626 remedio
691 559 796 626 animo
813 559 877 645 lilii
895 559 948 626 eui
967 559 1023 647 qui
1044 559 1150 624 eoderra
1165 558 1218 624 die
1233 556 1434 624 condebatur
1447 557 1474 618 et

280 664 410 730 omnium
434 669 589 749 parentum
612 686 732 732 suorum
754 667 785 734 in
807 685 892 733 usum
914 667 971 732 deo
996 667 1044 732 bic
1068 667 1274 733 seruientium.
1307 664 1406 728 Huius
1432 662 1474 726 rei

278 775 375 835 testes
392 776 471 836 suut.
499 775 672 860 Weiskerue
694 775 736 840 de
750 775 897 840 bumba.
921 776 1104 840 Bertoldue.
1127 774 1372 862 Mepiubaodua.
1400 771 1474 836 llei-

280 881 438 946 deurieees.
460 880 619 952 Hortmit.
637 880 756 950 Obice.
781 884 855 948 Post
870 883 981 949 obitum
998 903 1071 948 uero
1087 884 1181 967 patris
1199 881 1252 946 filii
1269 883 1337 946 eius
1350 879 1476 944 eandem

280 989 501 1072 delegationem
516 1011 609 1076 super
623 992 703 1058 idem
716 994 818 1058 altare.
834 991 938 1058 eodem
952 992 1039 1058 modo
1051 991 1243 1058 exsoluerunt
1254 1009 1322 1054 euru
1334 987 1474 1052 testibus.

780 1159 974 1233 OCOXblV.

369 1297 516 1364 Nouerint
544 1299 679 1364 uniuersi
706 1302 854 1384 sanguine
881 1286 995 1364 Christi
1017 1297 1178 1382 redempti.
1201 1296 1333 1382 qualiter
1356 1295 1476 1380 quidam

279 1408 378 1474 libere
399 1409 588 1474 conditiones
610 1408 701 1474 bomo
723 1408 870 1474 uocabulo
892 1408 1071 1496 liepinbort
1090 1409 1131 1474 de
1154 1403 1375 1490 Smstiubacb
1394 1403 1475 1468 dele·

280 1517 365 1600 pauit
380 1517 417 1580 ad
434 1518 528 1582 altare
545 1518 579 1582 S.
596 1517 692 1582 ldarie
708 1518 889 1602 mancipium
904 1516 1062 1602 quoddam.
1082 1515 1117 1580 N.
1136 1515 1159 1578 F
1161 1511 1294 1582 riderun.
1319 1531 1391 1576 cum
1408 1511 1474 1596 tiliis

280 1625 343 1689 suis
366 1625 506 1690 Arnoldo.
531 1625 659 1691 Diemlit.
689 1627 812 1694 Berbta.
836 1597 970 1712 (lspiriu.
995 1630 1027 1690 et
1047 1627 1128 1696 omni
1156 1645 1259 1690 eorum
1286 1625 1472 1706 posteritate.

281 1732 318 1797 ob
335 1753 458 1797 censum
466 1732 501 1798 V.
512 1733 711 1800 denariorum.
729 1735 822 1799 Huius
839 1737 884 1799 rei
899 1739 995 1800 testes
1008 1739 1087 1799 sunt.
1109 1733 1247 1801 Woltber
1261 1734 1302 1797 de
1321 1732 1473 1796 Treiemc.

279 1843 455 1908 Heideurio
469 1844 509 1908 de
520 1845 628 1909 ecdem
636 1845 745 1928 fluuio.
762 1843 913 1910 Eleleirieb
929 1846 969 1910 de
986 1843 1150 1928 Obufariu.
1167 1841 1331 1930 liepiuper
1347 1841 1380 1904 et
1391 1839 1474 1926 filius

281 1951 349 2018 eius
363 1952 533 2040 Repiuper.
557 1953 739 2020 lnuestiture
760 1953 907 2020 Woltber.
931 1952 1138 2020 Heideurieb.

788 2121 966 2192 cccxiv.

371 2247 481 2314 Notum
497 2251 537 2314 sit
552 2250 684 2315 ecclesie
696 2251 774 2316 filiis.
789 2251 868 2340 quod
881 2250 1001 2336 quidam
1012 2251 1168 2340 iupeuuuc
1181 2248 1272 2314 bomo
1286 2246 1474 2314 Gbuurcdue

281 2357 400 2424 scilieet
415 2360 456 2424 de
473 2359 604 2425 Wirmlu
619 2359 744 2424 tradidit
760 2381 850 2444 super
867 2360 961 2426 altare
977 2357 1009 2424 S.
1023 2360 1116 2422 Marie
1130 2357 1267 2442 predium
1278 2357 1474 2442 auuuiuprua

282 2465 393 2535 dictum
410 2469 592 2552 potestatiua
608 2490 695 2534 uranu
711 2470 741 2533 iu
757 2490 842 2534 usum
859 2467 1002 2532 fratribus
1019 2467 1068 2534 bic
1086 2465 1143 2531 deo
1161 2464 1379 2530 seruientibus.
1406 2463 1493 2556 Huic

278 2575 430 2640 traditioni
458 2574 617 2641 adstabant
644 2581 739 2641 testes
764 2577 805 2640 bi.
840 2577 979 2643 Wultber
1000 2576 1041 2640 de
1057 2575 1197 2640 treisma.
1221 2572 1419 2642 Adalbertus
1440 2573 1476 2638 de

285 2685 406 2752 Werda.
433 2685 573 2751 Woltber
587 2687 628 2750 de
639 2687 817 2774 perindorf.
841 2685 1008 2769 liudolfus.
1035 2683 1194 2749 Geruueb.

784 2833 975 2906 cccxlvi.

370 2973 479 3038 Notum
496 2974 537 3036 sit
552 2974 643 3037 etiam
667 2974 835 3059 quibusque
857 2975 1004 3054 sanguine
1020 2972 1133 3037 Christi
1155 2970 1326 3055 redemptis
1349 2971 1478 3056 qualiter

280 3083 495 3148 Herimuuuua
513 3083 599 3168 filius
619 3084 811 3148 Herimunui
830 3083 987 3170 quondum
1008 3082 1112 3146 uestri
1124 3081 1280 3147 aduocati
1293 3081 1337 3144 de
1352 3081 1478 3146 Rollin-

281 3194 376 3280 berpe
391 3192 578 3275 delegauerit
593 3213 686 3276 super
703 3193 795 3254 altare
812 3192 844 3255 S.
859 3191 955 3254 Marie
969 3191 1073 3254 dotem
1088 3211 1158 3256 eum
1174 3189 1311 3254 ecclesia
1329 3191 1376 3254 ud
1389 3211 1480 3256 mure

281 3305 313 3364 et
336 3301 479 3384 quicquid
504 3301 571 3383 ipse
597 3300 641 3363 ibi
665 3302 786 3384 proprio
808 3301 873 3362 iure
896 3297 1071 3382 possidebat
1094 3303 1164 3381 post
1188 3298 1302 3361 obitum
1322 3298 1482 3364 ceneten·

278 3409 453 3498 presbiteri
462 3410 544 3474 inibi
551 3409 703 3497 deperatis.
728 3409 758 3471 in
774 3427 859 3472 usum
875 3409 998 3472 fratrum
1014 3407 1063 3470 hie
1077 3406 1134 3469 deo
1148 3405 1368 3516 tamulantiqm.
1388 3407 1479 3471 Huius

281 3518 481 3599 delegationis
503 3521 600 3581 testes
617 3517 742 3600 ascripti
753 3519 902 3579 tenentur.
921 3513 1124 3602 Sipibordus.
1141 3515 1276 3581 Durine.
1295 3516 1478 3582 Odalrierm.

283 3625 481 3693 Cbuuradus.
505 3625 704 3691 Adaldertus.
728 3625 876 3690 liuthart.
900 3623 1133 3711 Repiubardus.

780 3773 989 3846 ceuxuvu.

373 3915 481 3980 Notum
497 3915 537 3980 sit
552 3917 669 3980 eunetis
685 3914 818 3980 ecclesie
833 3913 897 3978 filii.
914 3914 992 3998 quod
1004 3913 1149 3980 domiuus
1161 3913 1376 4001 liepiumaaue
1384 3922 1480 4002 peto·

282 4025 403 4090 uieueie
415 4025 547 4090 ecclesie
559 4025 729 4112 epiecopus
741 4024 864 4088 tradidit
880 4023 916 4086 ad
934 4023 1029 4088 altare
1042 4022 1075 4086 S.
1090 4023 1185 4088 ltlarie
1197 4021 1348 4106 quandam
1362 4025 1480 4088 uincam

283 4132 361 4218 apud
382 4133 589 4199 Huuteabeim
612 4135 698 4196 sitam
723 4151 777 4216 pro
802 4132 1032 4196 commutatione
1056 4131 1179 4196 alterius
1201 4131 1291 4194 uinee
1309 4151 1402 4215 quam
1418 4135 1482 4217 ipse

283 4247 384 4306 mutuo
402 4241 439 4305 ab
453 4244 564 4308 abbate
576 4243 696 4326 accepit
711 4260 798 4324 quam
815 4242 903 4304 etiam
916 4241 995 4304 idem
1007 4240 1175 4328 epiecopus
1186 4239 1388 4306 Herimuune
1402 4240 1484 4305 dedit

282 4355 312 4418 in
328 4351 519 4418 beneficium.
552 4352 645 4416 Huius
663 4357 763 4416 mutue
779 4349 949 4416 traditionis
966 4353 1061 4412 testes
1077 4348 1129 4413 isti
1145 4367 1182 4412 eu
1198 4368 1283 4412 more
1307 4369 1366 4432 per
1384 4369 1483 4415 aurem

283 4467 354 4528 suut
370 4463 506 4527 adtracti.
526 4463 597 4528 Otto
613 4461 655 4526 de
668 4461 844 4526 Macblont.
866 4460 1090 4526 Weriubardue
1106 4460 1146 4524 de
1157 4459 1295 4526 iulducb.
1310 4462 1483 4528 lleiuriouo

285 4573 325 4638 de
342 4571 535 4637 Purebetoll.
559 4569 668 4636 Perire.
693 4570 856 4634 Herirueu.
880 4569 1060 4636 Heinrieus.
