3074 5094
265 425 341 498 304

265 606 434 679 „cessante¹
452 598 568 682 cogatis
584 597 703 662 ueritati
718 599 918 663 testimonium
932 598 1103 686 perhibere.
1117 597 1203 680 Quod
1219 598 1246 661 si
1261 619 1322 662 non
1338 617 1446 662 omnes

264 711 343 786 „biis
356 707 537 794 exequendis
553 707 689 791 poteritis
711 708 868 782 interesse,
886 707 943 771 duo
959 713 1090 772 uestrum
1107 728 1141 770 ea
1161 707 1354 770 nihilominus
1373 727 1448 769 exe-

266 827 422 904 „quantun
449 818 556 880 Datum
580 816 707 889 Perusii,
731 817 807 882 Vll.⁰
829 816 898 882 ldus
920 816 1106 880 Decembris.
1131 815 1325 880 Pontificatus
1348 817 1450 878 nostri

264 950 358 1005 „anno
387 926 492 990 Vlll.⁰“
519 961 562 973 —
592 925 654 988 Nos
691 926 782 1006 igitur
819 926 996 990 auctoritate
1031 924 1196 1009 apostolica
1229 925 1356 987 citamus
1391 944 1448 986 uos

263 1035 476 1122 peremptorie,
510 1034 588 1098 diem
611 1040 642 1099 et
664 1034 761 1098 locum
785 1033 869 1097 uobis
895 1032 1079 1116 prefigentes
1103 1031 1136 1094 ll.
1154 1032 1278 1096 Kalend.
1304 1033 1392 1106 Maii,
1420 1035 1451 1094 in

264 1145 367 1228 vigilia
385 1144 585 1228 apostolorum
602 1143 741 1227 Phylippi
758 1149 789 1206 et
804 1141 920 1215 lacobi,
942 1143 972 1206 in
999 1142 1196 1230 Veclaprulre,
1220 1142 1250 1204 in
1274 1142 1397 1224 capella
1415 1139 1449 1202 S.

264 1255 373 1338 Egidii,
391 1254 527 1317 districte
543 1253 716 1317 mandantes
741 1256 772 1316 ut
788 1251 861 1314 bora
889 1250 949 1314 diei
970 1252 1063 1314 tercia
1085 1249 1193 1314 ibidem
1217 1272 1309 1334 super
1335 1251 1451 1334 queri·

263 1366 361 1427 monia
382 1362 504 1426 Abbatis
523 1360 739 1426 Chotwicensis
772 1361 946 1443 responsuri
967 1358 1096 1424 finaliter
1127 1361 1336 1445 compareatis.
1365 1359 1453 1422 Alio-

268 1475 349 1558 quin,
367 1475 505 1556 qnantum
523 1470 641 1552 dejure
657 1468 830 1554 poterimus,
848 1467 879 1530 in
894 1468 1002 1532 iudicio
1019 1469 1226 1552 procedemus.

339 1577 379 1632 bn
392 1577 481 1632 dieser
492 1576 545 1632 und
559 1577 610 1632 den
622 1575 858 1644 ntcbstlolgenden
870 1573 924 1628 vien
937 1573 1079 1629 Urkunden
1097 1575 1200 1645 bingen
1221 1575 1264 1630 die
1284 1574 1454 1629 wohlerbal·

265 1673 344 1724 tenen
357 1668 461 1738 Siegel:
476 1667 628 1722 ll'eelriei
647 1666 791 1720 Abbatis
804 1665 1022 1720 Garstensis
1038 1666 1403 1739 (ulrien1.1233-1239);
1418 1673 1461 1705 -’

265 1760 444 1833 l’repositi
469 1759 508 1812 de
542 1758 633 1812 domo
660 1758 731 1812 Soti
757 1755 910 1811 Floriani
938 1755 1086 1828 (bernhard
1105 1758 1312 1825 rtet-1240„
1336 1787 1379 1798 —-
1399 1755 1454 1810 und

264 1850 442 1908 Wernardi
462 1849 650 1923 (Wernberi‘t)
664 1848 856 1903 Anasensis
875 1848 1013 1902 Decani.

767 2039 932 2110 XXXlllll.

265 2198 338 2257 12³5.
356 2227 387 2238 -
408 2197 547 2252 Disselben
565 2194 658 2250 citiren
676 2195 727 2248 den
747 2193 799 2248 nst
816 2213 864 2249 von
881 2195 932 2248 llot
949 2212 1006 2250 aum
1026 2195 1136 2250 aweitan
1148 2196 1217 2250 blale
1231 2157 1457 2266 peremptoriseb

299 2290 367 2344 nach
380 2288 571 2350 Vdcklebrucl,
585 2305 627 2341 um
640 2285 729 2341 seinen
742 2285 826 2339 Streit
839 2285 886 2338 mit
898 2285 956 2338 dem
972 2287 1077 2340 llloster
1086 2285 1219 2358 Guttneig
1230 2288 1421 2344 untersucben

664 2377 718 2433 und
730 2376 875 2446 beendigen
887 2395 919 2430 zu
930 2377 1041 2432 kdnnen.

784 2487 919 2548 [original]

355 2598 532 2666 Reverendo
556 2600 586 2664 in
614 2596 734 2662 Christo
762 2597 841 2680 patri
863 2601 893 2660 et
918 2596 1035 2660 domino
1059 2599 1099 2662 H.
1126 2597 1289 2661 venerabili
1317 2601 1463 2665 Rotensi

269 2710 379 2776 abbati.
407 2706 436 2776 V.
454 2708 553 2773 Abbas
567 2707 604 2771 de
620 2707 762 2780 Gersten,
781 2713 812 2770 et
833 2710 868 2772 P.
886 2708 1059 2792 prepositus
1081 2709 1179 2772 sancti
1194 2707 1336 2782 Floriani,
1358 2715 1395 2774 et
1416 2711 1459 2777 W.

266 2819 398 2883 decanus
415 2817 453 2882 de
468 2817 578 2889 Anaso,
595 2815 753 2880 ludicesa
776 2816 849 2880 sede
871 2815 1035 2900 apostolica
1061 2815 1203 2900 delegati,
1231 2818 1361 2882 deuotas
1382 2839 1457 2883 ora-

264 2932 360 2993 tiones
378 2933 409 2992 et
424 2926 634 2990 reuerentiam.
653 2925 728 3008 Quia
745 2925 855 2988 fratres
871 2925 965 2988 vestri
983 2927 1154 2990 monasterii
1180 2927 1211 2990 in
1231 2931 1348 2991 tantum
1367 2930 1458 2993 uersi

265 3043 334 3103 sunt
355 3037 528 3108 amentiam,
556 3041 589 3098 ut
611 3035 742 3098 nuntium
765 3039 899 3098 nostrum
926 3035 1050 3098 fratrem
1076 3055 1267 3109 conuersum,
1294 3037 1457 3102 ferentem

265 3146 433 3211 mandatum
450 3144 654 3230 apostolicum,
682 3143 712 3206 in
740 3144 875 3208 iniuriam
907 3147 938 3206 et
959 3144 1148 3226 ignominiam
1172 3145 1252 3209 sedis
1274 3148 1459 3231 apostolice

264 3255 459 3340 spoliauerint
481 3258 511 3317 et
527 3252 704 3318 uerberibus
729 3253 904 3326 afflixerint,
930 3258 1074 3317 conantes
1095 3254 1231 3338 inpedire
1255 3256 1456 3330 citacionem,

264 3385 350 3452 quam
367 3363 452 3428 uobis
478 3361 649 3437 direximus,
674 3383 728 3426 nos
751 3361 788 3426 ad
809 3361 1008 3426 remouendas
1031 3363 1237 3428 excusationes
1259 3364 1458 3448 inpeccatis

262 3473 371 3537 iterum
387 3472 588 3556 peremptorie
605 3477 634 3535 et
650 3471 854 3555 sollempniter
868 3491 921 3536 uos
938 3472 1071 3544 citamus,
1089 3471 1177 3544 diem,
1195 3473 1336 3537 stlocum
1360 3475 1455 3540 uobis

263 3582 449 3668 prefigentes
464 3581 494 3643 in
516 3581 697 3646 Veclcbrnlcc
712 3581 742 3642 in
766 3579 880 3663 capella
904 3583 1001 3645 sancti
1023 3582 1133 3664 Egidii,
1155 3582 1286 3668 proxima
1303 3585 1454 3648 secunda

264 3692 338 3756 feria
355 3696 426 3774 post
442 3687 636 3753 ebdomadam
666 3689 900 3773 pentecostalem
922 3690 1019 3774 pridie
1036 3711 1129 3756 nonas
1146 3691 1237 3764 lunii,
1261 3694 1456 3758 auctoritate

266 3801 430 3885 apostolica
453 3799 637 3871 mandantes,
662 3805 694 3862 ut
708 3798 820 3863 ibidem
842 3819 941 3864 coram
965 3799 1049 3864 nobis
1072 3800 1280 3885 compareatis,
1304 3799 1458 3866 uolumus

265 3912 343 3974 enim
360 3909 491 3992 negotio,
505 3908 583 3995 quod
599 3910 727 3973 uertitur
741 3910 820 3972 inter
836 3929 891 3972 nos
909 3913 939 3972 et
948 3907 1090 3974 Abbatem
1105 3910 1343 3974 Gottwiceusem
1357 3931 1458 3996 super

268 4017 510 4104 possessionibus
534 4017 563 4080 in
587 4009 709 4082 swam
731 4017 861 4082 debitum
883 4019 971 4082 linem
993 4019 1158 4104 imponere.
1189 4018 1274 4082 Licet
1295 4023 1408 4083 autem
1426 4021 1456 4084 in

262 4129 355 4213 priori
372 4127 518 4192 citacione
534 4131 668 4192 tenorem
685 4129 828 4193 autentici
843 4128 929 4192 uobis
945 4128 1208 4201 transmiserimus,
1221 4129 1325 4190 iterum
1347 4129 1456 4213 ipsum

264 4237 434 4310 inserimus,
451 4240 483 4300 ut
499 4257 654 4322 parcamus
670 4236 822 4302 laboribus
838 4238 965 4322 partium
982 4243 1013 4303 et
1029 4237 1180 4324 expensis,
1205 4259 1243 4301 ne
1258 4257 1313 4321 per
1329 4236 1455 4304 dilata-

263 4350 361 4414 tiones
385 4347 590 4412 frustratorias
612 4348 784 4431 fatigentur.
809 4346 863 4412 Hic
889 4353 936 4412 est
957 4353 1055 4413 autem
1071 4353 1157 4414 tenor
1171 4347 1302 4412 mandati
1317 4355 1456 4432 aposto·

269 4458 328 4522 lici.
349 4457 544 4537 ,Gregorius
562 4461 620 4520 stc.
640 4472 781 4534 (utsupra).

338 4565 386 4618 Die
404 4564 513 4618 Mdncbc
533 4580 583 4617 von
601 4562 651 4616 not
666 4566 776 4644 sucbten
796 4563 839 4618 dic
860 4565 1126 4637 Gericbtsvorlednng
1147 4565 1218 4620 ihres
1237 4565 1319 4619 Abtes
1333 4568 1455 4637 geuualt-

266 4673 350 4712 samer
371 4654 460 4709 Weiss
482 4673 513 4707 zu
538 4653 702 4717 vcrbindern,
722 4655 808 4710 indem
827 4655 865 4710 sie
887 4656 937 4710 den
951 4658 1140 4720 Laienbmrder,
1161 4657 1209 4711 der
1232 4657 1278 4713 das
1300 4658 1456 4715 Scbreibea
