3094 5094
293 408 345 479 94

291 582 366 646 Vlll.
380 581 491 645 marcis
508 578 668 666 aquodam
684 583 818 643 matrona
834 577 932 642 libere
949 579 1127 644 conditionis
1144 580 1284 645 Gcrdmt
1306 577 1392 642 dicta
1412 576 1484 660 qood

291 695 322 754 et
343 690 410 774 ipsa
433 687 587 771 delegauit
608 688 639 750 in
663 706 767 750 manus
785 686 909 752 Oetaeis
929 688 969 752 dc
991 688 1176 772 Lamatorf.
1199 685 1406 768 delegandum
1431 704 1483 768 qua

289 797 382 863 abbas
398 803 428 862 ot
444 798 552 862 iratres
569 795 727 879 petissent.
759 793 792 856 ln
809 814 866 879 qua
882 794 1044 860 traditione
1064 800 1159 860 testes
1179 795 1212 858 lri
1226 813 1283 878 μεν
1298 813 1406 858 aurem
1423 799 1485 856 sunt

287 900 425 970 adtracti.
453 904 659 970 chclardas
680 903 721 968 de
746 903 1072 992 Oladallrolrispcryc.
1095 905 1177 970 Nico
1195 905 1239 970 de
1254 904 1361 992 poclis.
1385 903 1483 968 Heia·

289 1013 375 1078 ricus
390 1012 431 1077 dc
446 1013 632 1096 issaaodarf.
656 1011 822 1095 liudolfus.

381 1121 453 1184 Post
469 1141 527 1184 non
543 1119 664 1184 multum
680 1136 754 1181 υενο
771 1120 853 1183 idern
871 1119 942 1184 Otto
958 1119 988 1181 in
1004 1119 1140 1201 generali
1164 1118 1314 1203 colloquio
1338 1120 1377 1184 ad
1395 1120 1482 1185 clarc·

288 1230 368 1294 miac
389 1229 527 1293 adstante
551 1228 676 1295 domino
699 1227 892 1314 Rcyinmara
913 1227 1261 1316 patoaicasicpircopo
1278 1228 1482 1316 ellinpoldo
1534 1303 1539 1312 ‚

288 1335 473 1402 marchione
489 1357 581 1420 super
597 1333 740 1418 reliquias
753 1339 925 1399 sanctarum
938 1336 1018 1398 sicot
1034 1341 1064 1398 et
1078 1336 1219 1400 traditum
1236 1339 1302 1399 erat
1316 1335 1482 1418 delegauit.

289 1451 321 1510 et
336 1445 542 1510 incestituram
565 1442 755 1508 contradidit.
788 1441 833 1506 Ad
857 1443 935 1507 hanc
960 1441 1183 1526 delegationem
1198 1447 1296 1507 testes
1312 1443 1419 1507 idonei
1433 1463 1483 1527 μεν

290 1575 390 1618 aurern
408 1557 477 1618 sunt
492 1553 611 1618 adsciti.
631 1549 834 1618 Gebadardao
846 1572 949 1617 caraea
959 1551 1133 1640 dapiaqia.
1150 1553 1304 1619 Adalrara
1320 1553 1363 1616 da
1378 1554 1481 1641 bergio.

288 1661 374 1727 Pado
391 1663 430 1726 dc
446 1682 626 1749 amaraayc.
654 1661 725 1725 Otto
749 1661 789 1725 da
812 1659 1000 1747 lcnyiadaclr
1025 1666 1055 1725 ct
1074 1663 1197 1745 fratres
1219 1661 1286 1727 cias
1301 1663 1481 1728 Har-troicus

288 1776 320 1834 at
346 1767 527 1836 Heinricao.
565 1767 699 1834 Cladalt
729 1767 769 1831 dc
799 1768 1008 1854 maaridcryc.
1044 1754 1223 1835 Bartoldao.
1260 1771 1418 1836 Walclrun
1445 1769 1481 1837 dc

288 1878 459 1944 macliaat.
483 1877 698 1942 Hcrimanaas
712 1876 753 1940 da
768 1875 973 1940 laatasdcim.
991 1881 1022 1940 et
1038 1876 1089 1940 alii
1104 1895 1192 1962 quana
1208 1877 1340 1961 plorimi.

797 2062 974 2133 ccccxli.

379 2202 494 2274 Eodem
518 2223 593 2266 anno
621 2201 775 2283 delegauit
800 2201 920 2284 quidam
944 2202 1058 2266 nobilio
1079 2201 1181 2266 lamo.
1203 2201 1240 2264 N.
1259 2203 1399 2269 Cloadalt
1418 2225 1477 2268 cun

287 2331 375 2374 manu
396 2311 511 2376 acoris
531 2333 587 2376 aaa
607 2310 754 2375 uocabulo
774 2309 873 2374 Traia
895 2329 986 2393 super
1003 2310 1098 2374 altare
1114 2311 1147 2374 S.
1166 2310 1261 2376 Naris
1274 2314 1479 2400 parrochiam

288 2419 339 2484 dcl
356 2417 409 2508 (i)
427 2420 464 2483 ad
478 2417 765 2517 Nortprclrtrsdorfi

786 2605 978 2676 υευυνυυ.
1155 2699 1158 2702 ,

379 2747 462 2809 Anna
479 2744 516 2809 ab
532 2743 740 2810 incarnatione
756 2742 876 2806 domini.
895 2741 970 2806 Nill.
988 2743 1077 2808 XXX.
1089 2745 1139 2808 lll.
1158 2752 1228 2824 (ic3
1241 2753 1271 2808 c.
1285 2754 1414 2808 omissam
1427 2754 1476 2826 cst)

286 2853 463 2917 indictione.
495 2852 542 2916 Xl.
570 2853 690 2936 quidam
721 2851 877 2940 iaqcnaaa
909 2851 1009 2918 domo.
1042 2855 1081 2919 N.
1114 2855 1348 2940 Mcyirrdardas
1378 2858 1477 2922 occario

286 2962 474 3027 renuncians
486 2962 628 3046 feliciter
642 2959 801 3026 nobiccum
817 2967 1022 3026 conuersatua
1037 2961 1161 3026 tradidit
1177 2961 1214 3026 ad
1230 2965 1326 3027 altare
1342 2963 1376 3028 S.
1390 2965 1478 3028 ldaric

287 3067 467 3133 dominicale
488 3088 578 3134 unum
602 3069 638 3132 ad
654 3063 883 3154 Bridolaiayia.
906 3073 937 3133 ct
958 3067 1137 3133 beneficium
1153 3071 1188 3136 irc
1203 3072 1313 3137 codem
1329 3074 1402 3138 loca
1418 3093 1478 3138 can

286 3177 444 3262 manciplis
462 3177 629 3241 obsessum.
646 3177 717 3240 item
734 3197 867 3240 mansam
882 3194 972 3240 unum
986 3177 1021 3240 ad
1031 3179 1241 3266 paaloptia.
1258 3185 1289 3242 ct
1300 3179 1478 3245 heneficium

286 3286 325 3350 ad
340 3285 530 3351 lrcrlartraa.
556 3285 666 3348 Testes
683 3284 854 3348 traditionis
871 3284 960 3348 huius
976 3285 1076 3350 idonei
1093 3293 1162 3350 sunt
1176 3287 1218 3350 hii
1234 3288 1354 3352 adsciti.
1372 3291 1478 3356 Hodo-

285 3413 357 3460 mar
373 3397 481 3478 frater
503 3393 651 3458 ciaadan.
673 3390 928 3480 meginhardi).
956 3394 1097 3460 Waltlrcr
1113 3395 1171 3482 (dc
1186 3396 1395 3483 gozinsdarl).
1418 3399 1480 3464 dle·

283 3503 418 3590 yinlrart
443 3504 586 3568 drawa.
619 3501 753 3568 Walant
774 3502 831 3589 (dc
858 3501 1049 3589 diuphusio).
1078 3504 1262 3570 Adaldrclct.
1293 3507 1477 3591 Gotisridoc.
1543 3567 1544 3572 ,

289 3611 449 3696 Wolferim
465 3611 587 3698 (omnes
604 3609 642 3673 dc
660 3610 827 3694 Gdafaria.
843 3619 1028 3691 suprascript.
1042 3619 1109 3692 est).
1126 3614 1310 3701 [liupoldus.
1328 3616 1477 3698 Ebcrycr.
1543 3627 1544 3648 ³

788 3796 981 3868 ccccxiv.

375 3930 439 3998 Hoc
462 3955 539 3999 anno
563 3935 682 4020 quidam
707 3935 863 4022 iaycaaaa
879 3935 980 4002 homa.
998 3937 1034 4000 N.
1052 3939 1130 4002 Pota
1146 3939 1187 4002 cle
1202 3935 1382 4004 Potiaotein
1400 3937 1478 4003 dele·

286 4041 371 4126 gauit
386 4062 453 4106 cum
468 4063 556 4107 manu
571 4043 686 4108 acaria
701 4065 757 4108 sac
772 4051 804 4108 at
815 4041 879 4129 filii
892 4045 944 4109 sai
957 4047 1090 4132 liudolfi.
1115 4044 1268 4110 dimidium
1293 4063 1430 4112 mansum
1445 4045 1478 4109 ad

286 4149 467 4236 rocriadorf
475 4151 573 4216 situm.
591 4171 683 4235 super
700 4151 794 4216 altare
806 4151 839 4216 S.
854 4149 948 4216 Maria
960 4173 1015 4236 μνο
1028 4153 1163 4218 remedia
1180 4155 1277 4218 anime
1290 4176 1355 4220 sue.
1373 4175 1479 4240 paren·

285 4263 408 4345 tumque
424 4279 545 4326 suorum
562 4281 597 4326 ca
614 4253 795 4326 conditione.
813 4267 846 4326 ut
863 4281 920 4326 nea
935 4281 1065 4346 presens
1082 4261 1175 4328 abhas
1192 4283 1249 4328 nco
1267 4264 1400 4349 quisque
1415 4283 1480 4328 suc·

286 4388 441 4434 cessarem
465 4389 585 4434 suorum
608 4371 717 4455 aliquis
738 4375 918 4455 potestatem
943 4371 1053 4438 lrabeat
1077 4375 1216 4457 cuiquam
1242 4375 1271 4437 in
1301 4372 1480 4440 beneficium

285 4477 451 4562 prestandi.
487 4477 525 4541 Et
548 4485 580 4543 ut
601 4479 660 4544 hec
683 4478 804 4542 traditio
831 4479 1008 4544 inconuulsa
1036 4486 1221 4564 permaneat.
1243 4485 1342 4546 testes
1369 4483 1404 4547 hi
1430 4503 1481 4567 per

285 4585 386 4650 aorem
413 4591 483 4650 sont
501 4587 640 4652 adtracti.
671 4585 825 4673 liudolfaa
846 4588 934 4674 filias
956 4589 1094 4654 cicadam
1122 4590 1263 4654 Pacoro.
1297 4591 1479 4656 Perinkari.

1542 3585 1544 3626 l
