3122 5096
257 411 305 482 36

254 604 320 649 oum
337 584 525 668 appendiciis
542 584 614 646 suis.
631 603 687 666 pro
703 581 838 646 remedio
855 582 953 644 anime
970 582 1036 646 nira‘
1050 583 1102 646 sui
1114 557 1271 648 ddnirioi.
1289 586 1320 646 et
1327 583 1393 667 filii
1402 583 1457 646 ani

255 687 426 758 entonam.
444 690 537 754 Huius
551 690 721 754 traditionis
733 693 830 752 testes
843 689 950 752 adsciti
963 694 1041 752 sunt.
1060 689 1251 755 Pareitartir.
1265 691 1303 753 Et
1315 688 1453 753 eiusdem

253 800 375 864 domine
391 798 611 862 ministeriales.
629 797 708 861 idem
727 774 907 864 ddolrierrs.
927 797 1073 862 ΙίαΙιωὶη.
1090 797 1296 863 Moroinoort.
1314 797 1450 882 Imrfrit.

253 909 328 973 alius
352 907 499 973 Boionio.
538 907 718 972 Wlliirnim.
754 908 869 971 Peneo.
905 908 1040 972 Romolt.
1071 907 1235 971 Hartman.
1270 903 1450 993 Iiddpreitt.

251 1019 443 1084 lnuestiture.
473 1016 662 1084 Pereirartit.
694 991 859 1080 ddnlrioir.

803 1201 897 1272 CXL.

341 1340 501 1423 Deiegauit
524 1342 553 1403 in
578 1339 685 1403 eodem
708 1338 776 1404 iooo
793 1339 919 1426 quedam
937 1349 1079 1410 matrona.
1111 1339 1148 1402 N.
1166 1341 1298 1405 Hammo
1313 1340 1353 1404 ad
1368 1341 1449 1404 idom

252 1450 347 1514 altare
365 1449 420 1514 sub
437 1449 653 1533 prenominatis
669 1448 799 1512 testibus
814 1448 965 1533 quoddam
981 1450 1159 1532 mancipium
1176 1447 1315 1514 Hiraman
1333 1449 1448 1513 dictum

250 1577 305 1642 pro
323 1577 427 1623 consu.
446 1556 482 1620 V.
501 1557 691 1621 denariorum
709 1575 805 1620 annuo
823 1555 1045 1622 exsoluendnm.

795 1741 904 1814 CXLI.

340 1881 414 1946 item
441 1880 597 1963 delegauit
625 1881 655 1943 in
681 1881 787 1946 eodem
809 1881 877 1945 iooo
903 1880 940 1944 ad
965 1881 1044 1945 idem
1067 1880 1162 1944 altare
1186 1881 1241 1946 sub
1263 1883 1448 1966 proscriptis

249 1990 379 2056 testibus
401 1992 528 2075 quedam
554 2011 719 2056 conuerso.
747 1989 783 2054 N.
815 1990 920 2056 Wieoa
946 1991 1004 2053 tria
1028 1990 1176 2073 mancipia
1199 2009 1253 2075 pro
1278 2011 1384 2056 oanan.
1408 1993 1446 2055 V.

250 2100 450 2165 donariorum.

785 2228 908 2302 oxon.

338 2367 447 2436 Notum
464 2371 503 2434 sit
519 2369 670 2436 uniuersis
687 2368 819 2434 eeoiesie
832 2367 914 2436 filiis.
932 2369 1061 2456 qualiter
1077 2368 1206 2452 quidam.
1224 2369 1260 2434 N.
1277 2367 1445 2458 Bridolsna.
1556 2398 1557 2401 ¹

249 2480 288 2544 de
304 2477 442 2544 sodiltair
458 2477 592 2541 tradidit.
610 2475 709 2549 ΧΨ.
727 2479 835 2564 iugera
851 2498 944 2563 super
960 2477 1054 2544 altare
1071 2477 1103 2541 S.
1120 2477 1215 2540 Maria
1231 2477 1288 2542 sita
1305 2479 1343 2541 ad
1356 2481 1445 2550 Edid-

247 2610 335 2652 aawa
347 2607 402 2670 pro
417 2587 532 2650 duabus
545 2589 665 2651 mareis.
681 2588 774 2650 Huius
786 2586 955 2651 traditionis
967 2591 1062 2652 testes
1075 2591 1144 2651 sunt
1153 2587 1270 2652 adsciti.
1284 2589 1450 2677 Maoepolt

247 2699 287 2761 de
302 2695 497 2783 thiapooir.
525 2671 690 2761 deotmot.
716 2696 880 2770 Hermann.

777 2881 914 2954 exem.

340 3021 489 3086 Nouerint
515 3021 614 3088 ounoti
637 3019 745 3086 fideles
771 3021 901 3106 qualiter
917 3021 1046 3108 qnidam.
1071 3021 1107 3084 N.
1128 2997 1321 3089 (idaloooieis
1337 3033 1447 3108 rogatu

230 3118 358 3196 'domini
382 3129 427 3194 sui
451 3129 602 3216 Wolliteri
616 3130 656 3196 de
670 3129 814 3218 Naiiopir
836 3128 952 3214 pariter
969 3133 998 3190 et
1014 3129 1165 3214 permissu
1183 3129 1337 3212 delegauit
1354 3153 1449 3216 super

163 3273 167 3278 ·
247 3237 341 3301 aliare
363 3237 396 3300 S.
420 3237 515 3300 Mario
538 3237 596 3302 duo
613 3236 759 3301 beneficia
781 3238 961 3302 rusticorum
978 3255 1037 3322 que
1052 3237 1253 3324 possederant
1270 3240 1400 3308 Zweran
1417 3249 1448 3306 et

244 3345 338 3410 frater
355 3347 430 3408 eius.
456 3345 486 3407 in
502 3363 589 3408 usum
605 3343 749 3409 iratribus
766 3345 815 3409 hio
832 3345 1022 3428 degentibus.
1054 3347 1147 3412 Huius
1169 3348 1215 3411 rei
1232 3349 1359 3415 adhibiti
1377 3361 1448 3417 sunt

244 3457 340 3518 testes
357 3452 399 3517 hi.
419 3453 595 3537 iiirlfireraa
610 3473 701 3536 supra
718 3457 911 3524 memoratus.
939 3455 1130 3522 adalbertus
1146 3459 1186 3522 de
1201 3460 1320 3524 werdo.
1356 3462 1446 3527 Goti-

240 3563 357 3646 tradna.
377 3565 408 3626 et
424 3561 483 3630 alii.

775 3693 912 3774 exoli.

334 3831 444 3896 Notum
461 3833 501 3896 sit
518 3831 654 3897 omnihus
670 3835 701 3895 in
718 3831 840 3897 Christo
853 3835 975 3899 renatis.
994 3836 1205 3920 quodquidam
1219 3838 1330 3903 nobilis
1344 3841 1447 3907 homo.

122 3965 124 3968 ·
243 3942 281 4006 N.
304 3941 497 4006 Heidinrioie
520 3939 675 4024 delegauit
697 3960 791 4024 super
813 3941 907 4006 altaro
930 3941 963 4005 S.
987 3943 1082 4007 Mario
1104 3946 1243 4027 predium
1264 3949 1450 4015 Hndnmori

247 4047 451 4112 ministerialis
469 4048 587 4113 domine
603 4049 760 4114 Maeotide
777 4050 934 4115 comitisse
951 4051 1030 4115 iuxta
1046 4055 1251 4120 Peraoiisicom
1263 4057 1398 4122 fluuium.
1417 4063 1450 4124 in

243 4159 310 4223 loro
333 4158 383 4242 qui
408 4156 518 4220 dieitur
543 4157 742 4222 Toloireimin
759 4158 856 4223 sitnm.
891 4161 955 4224 Hoo
974 4163 1052 4225 enim
1069 4162 1224 4245 predictus
1241 4165 1415 4232 Hadamor
1433 4191 1450 4232 a

243 4266 373 4351 quodam
389 4269 522 4334 matrona
540 4269 662 4329 emerat.
682 4270 713 4328 et
729 4267 759 4328 in
771 4286 888 4331 manum
901 4269 1101 4350 prenominati
1112 4271 1297 4338 Hoidinrici
1307 4273 1449 4357 delegari

242 4377 369 4442 fenerat.
404 4374 497 4438 Huius
514 4374 685 4438 traditionis
702 4379 798 4438 testes
815 4377 944 4440 fuorunt.
975 4378 1123 4442 istoriole.
1159 4379 1307 4463 Weisker.
1335 4385 1451 4452 Bor-iu.

244 4460 409 4549 0⁰doira'oir.
433 4484 551 4548 lintolt.
574 4482 704 4548 Hoholt.
730 4483 865 4550 omnin.
888 4485 1045 4552 nomnen.
1077 4487 1233 4552 Dietmor.
1265 4486 1452 4579 liddprekt.

244 4591 407 4656 Herimon.
425 4590 590 4654 Heinrich.
609 4590 800 4654 inuestitnre.
818 4591 968 4658 isiariod.
990 4594 1137 4678 Wolfker.
1158 4572 1325 4662 ddalrioo.
