3074 5094
1177 401 1255 470 349

57 577 222 640 occasione
240 574 354 639 eisdem
372 572 515 637 fratribus
532 573 666 636 iniuriam
692 573 819 647 inferat,
843 575 891 638 vel
913 574 1077 654 oll'endere
1093 581 1257 658 presumat,

57 703 92 744 ea
108 683 255 747 videlicet
271 683 459 754 conditione,
486 686 518 744 ut
536 701 590 764 pro
607 681 681 746 dure
698 681 855 746 advocatie
880 701 915 744 ac
937 683 1050 746 institia
1071 687 1173 746 nostra
1197 683 1257 768 ipsi

55 791 170 854 fratres
188 793 334 855 ducentos
352 792 468 854 modios
495 809 588 853 avene
611 791 761 854 annuatim
787 791 875 854 nobis
899 789 1083 874 persoluant.
1120 790 1206 872 Quod
1230 791 1256 854 si

55 922 129 964 vero
149 902 196 964 fur
209 901 258 964 rel
275 905 392 985 raptum
409 899 526 963 faciens
544 904 594 962 aut
609 900 685 963 latro
703 901 732 962 in
750 899 992 983 possessionibus
1007 901 1141 983 ipsorum
1158 907 1256 964 morte

57 1009 326 1094 condempnandos
352 1008 562 1092 deprehensus
587 1008 696 1080 fuerit,
725 1009 805 1072 hunc
834 1008 926 1072 iudex
948 1013 1051 1072 noster
1077 1011 1257 1073 auctoritate

56 1118 184 1203 propria
214 1137 275 1180 non
304 1117 478 1201 usurpabit,
510 1116 564 1179 scd
580 1117 707 1180 retentis
730 1115 816 1180 bonis
842 1117 924 1180 illnm
950 1117 1028 1180 sicut
1053 1117 1174 1199 cingulo
1207 1137 1258 1180 ac·

55 1227 178 1290 cinctus
201 1226 292 1290 suerit
313 1229 418 1288 nostro
444 1224 536 1288 iudici
553 1224 692 1288 homines
714 1224 846 1287 ecclesie
877 1223 1082 1306 assignabunt.
1112 1223 1256 1288 Preterea

54 1337 238 1406 statuimus,
265 1339 298 1397 ut
331 1333 499 1417 predictum
531 1330 672 1414 pabulum
700 1333 796 1416 ipsius
830 1331 1005 1396 lllonasterii
1035 1333 1123 1396 uobis
1156 1333 1256 1416 purri-

53 1444 192 1526 gendum
218 1447 287 1506 ante
311 1443 419 1504 festum
445 1441 478 1502 B.
500 1438 657 1502 Michaelis
682 1442 712 1503 in
737 1441 879 1520 granario
908 1445 1012 1504 nostro
1041 1441 1173 1507 Wienrrc
1199 1439 1255 1504 sub

55 1550 162 1615 debita
191 1549 372 1613 Wiennensi
405 1568 545 1611 mensura
573 1547 778 1634 recipiamus,
810 1568 847 1610 ne
874 1549 962 1613 alicui
992 1547 1182 1614 Marschalco
1211 1551 1257 1614 eis

53 1660 196 1723 iniuriam
221 1657 271 1722 vel
300 1658 457 1741 dampnum
485 1655 632 1720 inserendi
661 1657 852 1722 occasionem
879 1656 1054 1722 tribuamus.
1084 1657 1123 1720 Et
1143 1664 1176 1721 ut
1199 1657 1257 1721 hcc

55 1773 161 1832 nostre
190 1767 356 1832 devotionis
383 1765 543 1848 permissio
564 1765 739 1829 inconvulsa
761 1770 951 1849 permaneat,
976 1765 1128 1849 presentis
1150 1768 1257 1851 scripti

56 1877 200 1961 paginam
243 1873 461 1938 subscribimus
500 1879 530 1936 et
567 1873 659 1955 sigilli
696 1879 800 1936 nostre
837 1875 1027 1957 inpressione
1069 1873 1257 1937 roboramus.

54 1985 167 2048 Datum
197 1985 226 2046 in
249 1985 315 2068 ipso
338 1983 532 2047 Monasterio.
557 1982 642 2044 Anno
669 1981 778 2045 domini
804 1980 1257 2068 m?ec⁰‚hxxxxv111?quan0

55 2113 154 2157 nonas
179 2092 288 2155 lllartii.

135 2251 209 2323 (llgl.
223 2251 267 2306 die
279 2250 494 2321 gleichlaulcudc
506 2249 690 2305 Urlrundellr.
701 2250 789 2305 lllllll.
803 2249 877 2304 Scito
888 2248 1040 2320 aro-80.)

587 2500 725 2572 LXXIX.

60 2656 144 2715 1³⁰⁰.
162 2655 247 2714 blm.
265 2654 339 2714 hom.
360 2686 394 2695 -
413 2655 638 2727 ludulgeozbriei,
656 2656 729 2712 krail
746 2655 840 2710 dassen
864 2656 929 2710 zuei
948 2655 1118 2710 lirzbischhle
1136 2641 1190 2711 und
1204 2657 1282 2711 oin-⁶

62 2747 237 2816 undzwunzig
256 2746 378 2800 Rischhie
405 2747 473 2800 allen
495 2747 681 2818 reumdtbigcn
703 2747 818 2800 Busscrn
840 2748 916 2801 einen
937 2747 1146 2818 vierzigtagigen
1167 2748 1261 2802 Ablass

61 2839 213 2899 artheilen,
234 2839 276 2891 die
295 2855 327 2890 sn
347 2838 399 2890 den
414 2833 580 2892 bestimmten
598 2838 743 2907 Fesllagen
764 2837 807 2890 dic
820 2837 918 2892 Xirche
936 2839 962 2892 in
975 2837 1110 2908 Gdllweig
1128 2839 1261 2892 beauchen

60 2927 116 2982 und
132 2928 179 2982 das
189 2929 297 2983 Kloster
310 2928 393 2982 durch
407 2927 486 2981 mildc
497 2927 589 2981 anen
602 2929 793 2986 unlersliilzen,
806 2928 872 2981 oder
886 2928 942 2982 sich
954 2929 1028 2981 sonst
1041 2943 1127 2997 gegen
1138 2928 1261 2982 dasselbo

505 3017 662 3087 wohltbttig
680 3019 824 3086 bezeugen.

592 3126 730 3186 [ongum]

155 3281 312 3346 Uniuersis
341 3281 456 3345 Christi
477 3281 618 3346 lidelibns
641 3285 801 3365 presentes
832 3281 935 3344 literas
962 3282 1155 3366 inspecturis.
1195 3281 1259 3345 Nos

58 3390 229 3457 Jobcnnce
255 3391 412 3471 lligensis,
442 3395 473 3454 et
496 3391 591 3452 irater
614 3390 756 3455 Basilius
783 3389 1063 3461 lerosolinritanus,
1089 3391 1139 3454 dei
1162 3392 1258 3473 gratia

60 3499 312 3582 Archiepiseopi;
346 3503 376 3562 et
399 3499 589 3564 Fredericoo
617 3497 787 3570 Valuensis,
823 3499 916 3561 frater
943 3499 1080 3565 Jacobos
1110 3497 1259 3562 Calcedo·

62 3608 192 3678 nensis,
218 3608 312 3670 frater
328 3607 460 3672 Maurus
481 3605 681 3677 Ameliensis,
706 3607 916 3694 landulphus
942 3607 1143 3681 brixinensis,
1167 3607 1261 3670 frater

60 3716 236 3780 Heinricus
258 3715 511 3788 Redeslonensis,
534 3714 717 3802 Stephanus
742 3715 944 3798 Oppidensis,
968 3716 1062 3778 frater
1083 3716 1263 3780 Boinaldus

61 3823 246 3895 Theatinns,
272 3823 407 3888 ihomas
422 3822 608 3896 Elesiensis,
632 3823 772 3888 Joanncs
787 3823 960 3900 lmolensis,
984 3824 1137 3889 Nicolaum
1154 3822 1260 3908 Capri-

61 3937 171 4005 lanus,
201 3932 297 3994 frater
323 3931 494 3996 Monoldns
521 3929 653 3993 ciuitatis
682 3929 874 4002 castellane,
903 3932 1040 3996 ,lacobus
1062 3929 1260 4004 castellanus,

61 4040 159 4102 frater
174 4038 315 4126 Anyclns
330 4037 510 4109 Fesulnnus,
528 4038 622 4100 frater
634 4037 786 4102 Nicolous
798 4035 1021 4111 Turibulensis,
1038 4040 1131 4102 frater
1144 4039 1261 4124 Spmon

66 4148 321 4228 Brungnatensis,
347 4147 441 4209 irater
456 4147 596 4234 Ampelos
611 4144 797 4228 Nepesinus,
823 4147 915 4208 frater
930 4147 1089 4211 Romanus
1106 4145 1260 4211 Croensis.

71 4257 207 4322 Ventura
219 4253 387 4336 Eguhinus,
411 4254 563 4318 Nicolous
579 4253 823 4326 Neocastrensis,
840 4254 994 4318 Nicoloue
1010 4256 1212 4327 Bolrontinus,
1230 4263 1262 4319 et

61 4363 277 4428 ildebrandus
297 4360 450 4431 hretinus,
476 4360 581 4424 eadem
597 4361 695 4440 gratia
711 4361 857 4445 Episcopi
873 4362 998 4424 salutem
1016 4367 1047 4424 et
1063 4363 1213 4426 sinceram
1230 4364 1261 4426 in

62 4471 184 4534 domino
204 4470 369 4532 caritatem.
396 4467 554 4532 Gloriosus
579 4467 654 4530 deus
675 4468 704 4529 in
727 4469 839 4532 sanctis
862 4468 924 4532 suis
946 4469 975 4530 in
992 4469 1126 4552 ipsorum
1142 4469 1261 4551 glorili-

60 4579 182 4642 catione
213 4577 372 4660 gaudens,
404 4575 434 4638 in
459 4576 655 4639 veneratione
681 4577 770 4641 beate
796 4577 892 4641 lllarie
914 4597 1035 4662 semper
1065 4577 1199 4659 Virginis
1224 4600 1259 4644 eo
