3122 5096
271 326 321 396 22

267 500 463 565 dimensionis
475 508 577 586 prata
594 501 764 588 Wolfperll
777 521 884 567 uersus
901 500 1094 566 occidentem
1110 499 1169 562 sita
1190 500 1321 564 luerunt.
1348 499 1469 564 Deinde

268 608 447 693 incipientes
465 629 482 672 a
498 610 599 673 nouali
615 609 695 694 quod
717 608 827 674 dicItur
850 609 943 696 Slqlo
966 607 1004 670 ad
1028 615 1171 672 acetrum
1194 613 1353 692 uergente.
1378 607 1470 672 finem

269 716 357 780 buius
375 717 529 782 diuisionis
550 723 713 800 posuerunt
738 720 814 782 uiam
833 737 890 800 que
908 717 989 780 ducit
1010 716 1199 804 aoqitisawo
1222 719 1411 802 respiciente
1428 718 1468 782 ad

271 825 459 911 aquilonem.
487 826 580 889 Huius
604 825 823 906 designationis
848 834 879 887 et
901 824 1054 888 celebrate
1082 824 1252 892 traditionis
1280 845 1336 908 per
1364 846 1469 888 aurem

271 936 340 997 sunt
362 932 491 998 adtracti
514 937 610 998 testes
635 934 747 997 idonei.
776 934 945 1020 Wcriqanl.
972 933 1162 998 Gotiacalcb.
1186 933 1276 1004 Nlao.
1301 931 1469 1004 dnebolm,

271 1040 429 1106 Adeloltb.
449 1045 479 1103 et
495 1041 571 1105 alius
588 1040 745 1107 Adeloltb.
766 1041 888 1111 Oariah.

799 1223 937 1296 LXXIV.

364 1361 473 1426 Notum
496 1366 536 1428 sit
559 1364 708 1430 uniuersis
733 1368 837 1430 sancte
864 1363 997 1428 ecclesie
1023 1361 1164 1426 fidelibus
1191 1361 1320 1447 qualiter
1346 1363 1470 1447 quidam

276 1471 386 1536 nobilis
401 1473 497 1538 ariao
514 1475 543 1536 in
561 1476 701 1538 extremis
719 1476 781 1538 suis
798 1473 981 1537 hereditarie
996 1474 1062 1537 iura
1078 1472 1158 1536 Inter
1172 1472 1352 1547 monasteria
1364 1472 1473 1536 distri·

274 1579 371 1643 boens
394 1581 519 1645 tradidit
543 1583 681 1666 predium
704 1582 854 1668 quoddam
872 1627 1014 1646 .......
1032 1581 1062 1643 in
1078 1599 1195 1644 manum
1213 1580 1372 1648 Otaclrara‘
1385 1601 1474 1646 mar·

277 1689 411 1754 chionia.
435 1690 636 1773 delegandum
653 1693 710 1756 hoc
726 1692 757 1754 in
774 1691 840 1756 loco
858 1690 896 1754 ad
914 1688 1007 1754 altare
1025 1687 1058 1752 S.
1076 1689 1126 1752 dei
1141 1688 1312 1770 genitricis.
1338 1688 1427 1770 Quod
1445 1694 1476 1752 et

283 1802 383 1862 actum
401 1802 458 1866 est.
475 1800 568 1864 Huius
585 1801 754 1866 traditionis
771 1799 898 1864 adhibiti
910 1804 980 1862 sunt
992 1800 1099 1862 testes.
1118 1774 1283 1865 ddalricle.
1304 1798 1474 1874 Waltbere,

275 1909 409 1994 Repeto.
425 1909 527 1974 Heall.

809 2029 933 2099 LXXV.

367 2159 514 2223 Nouerint
530 2161 666 2224 uniuersi
682 2164 788 2224 sancte
805 2158 936 2223 ecclesie
953 2157 1008 2220 tilii
1025 2159 1152 2242 qualiter
1170 2157 1288 2242 quidam
1305 2158 1343 2221 de
1359 2159 1472 2222 familia

279 2289 303 2330 s.
318 2267 466 2351 Stephani
482 2267 628 2331 uocabulo
648 2269 744 2334 aaliz
758 2269 795 2333 ob
811 2265 978 2331 remedium
996 2269 1092 2330 anime
1109 2287 1164 2330 sue
1180 2266 1305 2330 tradidit
1321 2267 1473 2330 dimidiam

278 2377 395 2438 uincam
412 2376 490 2459 apud
506 2376 700 2440 bontionem
716 2376 804 2439 sitam
822 2377 858 2439 ad
876 2376 970 2438 altare
988 2374 1020 2438 S.
1038 2376 1143 2438 Maria.
1161 2397 1217 2439 usu
1234 2377 1399 2440 fructuario
1416 2376 1474 2440 sibi

277 2503 338 2568 quo
356 2483 392 2546 ad
410 2484 530 2548 uiueret
543 2504 701 2548 concesso.
720 2487 798 2550 hane
815 2483 929 2547 addens
947 2485 1035 2547 etiam
1048 2483 1248 2549 conditionem
1264 2489 1297 2548 ut
1313 2486 1339 2548 si
1357 2485 1474 2568 absque

280 2589 416 2673 legitimo
440 2592 554 2656 herede
577 2592 687 2656 obiret.
712 2594 805 2657 altera
828 2593 997 2656 dimidietas
1022 2591 1079 2655 deo
1104 2592 1153 2656 hic
1179 2595 1305 2676 eiusque
1329 2593 1473 2674 genitrici

281 2701 485 2765 seruientibus
518 2703 703 2784 perueniret.
745 2703 837 2766 Huius
872 2701 1042 2764 traditionis
1073 2703 1235 2766 introducti
1267 2705 1337 2765 sunt
1367 2707 1474 2766 testes.

283 2809 451 2897 Wcriqaat.
474 2809 622 2896 Plliqrim
643 2811 754 2874 fratres
777 2810 912 2874 eiusdem
938 2809 1113 2876 llballonie.
1136 2809 1258 2874 Alricb.
1276 2810 1379 2874 chao.
1398 2811 1474 2875 Lia-

276 2925 387 3004 prant.
408 2918 491 2982 Otto.
507 2918 671 2984 Herdonea.

813 3004 957 3109 nxxvrss

372 3166 522 3234 Nouerint
546 3169 727 3234 uniuersitas
746 3168 866 3233 Christo
891 3170 1078 3234 credentium
1102 3170 1230 3254 qualiter
1247 3172 1366 3256 quidam
1389 3147 1478 3238 Diel-
1515 3149 1521 3153 ⁸

282 3280 403 3344 bardae
426 3299 493 3342 cum
519 3297 661 3361 compare
687 3300 740 3343 sua
762 3278 926 3344 Elisabeth
951 3278 1030 3342 dicta
1055 3281 1144 3366 opud
1162 3302 1221 3344 aas
1236 3283 1342 3344 accolo
1359 3302 1477 3346 renua-

283 3389 373 3456 clano
389 3387 513 3450 tradidit
528 3387 666 3472 predium
679 3407 764 3450 suum
781 3386 1042 3472 ll'oltra‘cbladorf
1052 3388 1162 3452 dictum
1177 3389 1215 3452 ad
1228 3389 1323 3454 altare
1337 3389 1368 3452 S.
1386 3390 1481 3454 Maria

283 3516 338 3580 pro
352 3496 487 3559 remedio
502 3494 664 3560 amborum.
684 3494 770 3576 Quod
787 3500 870 3558 trans
886 3499 1003 3558 montes
1020 3497 1051 3558 in
1067 3495 1166 3560 medio
1183 3496 1309 3561 duorum
1326 3497 1479 3578 fluminum

287 3603 466 3668 Tolastolclr
477 3605 507 3664 et
520 3603 782 3669 Plcotalcbsitum
792 3601 926 3685 iungitur
937 3600 981 3664 iIIi
995 3602 1086 3666 fundo
1100 3622 1189 3687 quem
1201 3603 1311 3666 fratres
1322 3604 1396 3666 IIII⁰¹
1405 3625 1481 3668 mar·

285 3712 330 3774 cis
347 3715 598 3792 comparauerunt
614 3711 652 3775 ab
669 3712 734 3774 eius
749 3714 888 3792 cognata.
906 3709 1028 3774 Addidit
1041 3711 1131 3774 etiam
1144 3709 1179 3773 V.
1193 3712 1339 3794 mancipia
1357 3733 1481 3797 querum

284 3818 343 3881 hcc
376 3822 445 3882 sunt
474 3820 606 3883 uomina.
642 3819 812 3902 Engilhalm
843 3841 909 3884 cum
941 3839 1034 3884 uxore
1067 3839 1130 3883 sua.
1162 3819 1364 3904 Diethpurch.
1399 3821 1480 3885 Onie.

287 3925 430 4012 Liuphilt.
448 3903 571 3992 Hizalal-

810 4049 962 4124 LXXVII.

378 4177 508 4244 Nouerit
543 4181 728 4246 uniuersitas
757 4178 992 4246 Christianitatis
1026 4178 1155 4265 qualiter
1186 4179 1314 4262 quedam
1348 4188 1481 4246 matrona

287 4285 435 4352 uocabulo
457 4288 580 4354 Bertba
602 4309 661 4352 non
684 4289 777 4372 longe
799 4291 830 4354 in
851 4294 954 4353 nostra
975 4289 1169 4372 possessione
1194 4307 1343 4354 conuersa
1360 4291 1481 4354 tradidit

287 4396 425 4482 predium
438 4417 524 4462 suum
538 4393 703 4486 Gdtliaqln
719 4398 832 4462 dictum
849 4397 886 4463 ad
904 4397 997 4462 altare
1011 4397 1042 4460 S.
1056 4397 1152 4460 Maria
1167 4417 1222 4480 pro
1239 4397 1376 4462 remedio
1389 4401 1481 4464 anime

289 4524 352 4569 sue.
379 4523 446 4570 eum
469 4506 626 4590 mancipiis
651 4525 775 4592 quorum
803 4506 855 4572 bic
879 4515 948 4572 sunt
975 4505 1092 4574 nomina
1121 4505 1303 4589 conscripta.
1334 4505 1479 4590 sigihart.
