3074 5094
1146 421 1222 494 285

588 599 683 670 XXII.

37 763 115 824 ltol.
141 795 176 804 -
201 765 304 838 Herzog
325 767 442 839 leopold
456 767 496 821 vl.
513 765 596 838 (vll.)
615 766 741 836 bestitigt
759 767 809 820 den
833 767 1065 837 vorausgohenden
1084 769 1223 824 Eutscbai·

542 856 733 929 dungsspruch.
1286 855 1288 862 ’

583 968 622 1013 0νί
641 969 693 1016 inat.

133 1057 174 1120 Ia
196 1058 326 1122 Nomine
348 1059 464 1124 Sancte
492 1066 523 1123 at
550 968 719 1123 liodiiaidcie
750 1059 925 1124 Trinitatis.
966 1060 1138 1148 Liapoldaa
1161 1062 1224 1125 Dei

38 1167 166 1232 Gracia
186 1169 264 1231 Bac
283 1168 411 1233 ,dustria
431 1177 463 1234 et
477 1169 576 1234 Stiria
594 1169 740 1234 Omaidata
760 1169 879 1234 Christi
893 1170 1053 1234 Fidelidao
1076 1170 1123 1234 Im
1143 1173 1220 1234 Per-

33 1283 182 1363 petuam.
206 1277 248 1339 Ea
269 1278 434 1361 principum
459 1277 549 1342 debet
575 1298 643 1340 esse
669 1278 878 1360 munificentia,
898 1285 928 1342 ut
952 1301 1005 1363 pro
1028 1285 1105 1344 statu
1121 1280 1222 1342 ecele-

38 1390 156 1452 siarum
181 1390 229 1472 pia
249 1389 462 1452 deliberatione
485 1393 745 1461 commoueantur,
778 1389 935 1460 uidelicet,
960 1393 992 1453 ut
1013 1390 1221 1474 possessiones
1321 1407 1324 1414 ·

39 1498 189 1564 ecclesiis
206 1499 344 1562 diuinitus
356 1498 477 1564 collatas
486 1520 544 1562 non
554 1499 815 1562 solumdefendere
826 1499 973 1569 studeant,
986 1500 1038 1564 sed
1053 1501 1141 1563 etiam
1153 1499 1222 1561 lites

37 1609 69 1672 in
98 1608 242 1673 ecclesiis
268 1613 347 1673 ortas
371 1609 586 1672 rationabiliter
611 1609 811 1672 determinare
834 1615 863 1673 et
886 1630 1065 1693 componere
1089 1610 1220 1690 diligen·
1274 1681 1277 1687 Δ

37 1725 90 1782 ter
114 1717 280 1780 intendant.
313 1719 501 1803 Quapropter
521 1719 603 1782 litem
627 1718 751 1782 duorum
771 1720 1017 1784 monasteriorum
1038 1719 1220 1784 Mediticen-

36 1829 85 1892 aia
104 1832 135 1890 et
153 1828 355 1892 Gotwicensia
374 1849 428 1911 pro
449 1827 624 1912 quibusdam
645 1828 886 1912 possessionibus
906 1829 936 1891 in
952 1829 1021 1892 uilla
1037 1849 1095 1912 que
1113 1827 1221 1890 dicitur

34 1937 122 2000 Miro
142 1940 290 2006 exortam,
315 1936 466 2018 religiosis
485 1937 558 2000 viris
580 1936 734 2000 abbatibus
757 1938 795 2000 de
812 1942 913 2002 sancta
930 1957 1020 2002 cruce
1041 1936 1219 2012 Werabero,

35 2051 68 2108 et
86 2046 127 2108 de
144 2045 251 2107 zwetel
267 2045 412 2115 Riobero,
435 2050 465 2109 et
480 2045 642 2129 prepositis
660 2045 696 2108 de
713 2045 799 2109 domo
812 2049 907 2110 sancti
922 2047 1027 2132 ypoliti
1036 2046 1215 2134 Sigabardo

35 2153 308 2237 archipresbitero,
326 2158 356 2216 et
371 2155 466 2217 sancti
483 2154 598 2218 floriani
613 2156 734 2232 Ottonc,
748 2157 951 2220 transactione
967 2155 1218 2220 determinandam

35 2264 165 2346 dignum
187 2263 320 2326 duximus
345 2264 547 2335 committere,
571 2269 603 2328 ut
623 2265 681 2348 ipsi
706 2266 970 2348 utriusquepartis
992 2261 1221 2346 allegationibus

33 2373 182 2458 cognitis,
206 2378 236 2436 et
252 2373 475 2456 priuilegiorum
492 2373 608 2437 ratione
632 2374 804 2456 diligentius
821 2375 1020 2445 considerata,
1044 2374 1089 2436 liti
1110 2392 1221 2436 secun·

34 2484 108 2547 dum
132 2482 283 2563 cognitam
306 2481 351 2545 rei
379 2483 531 2546 ueritatem
555 2481 641 2546 finem
665 2483 861 2568 imponerent.
896 2481 985 2547 Cuius
1008 2482 1220 2546 transactionis

34 2593 148 2657 modus
167 2590 237 2654 talis
253 2592 309 2654 fuit
323 2592 401 2676 quod
418 2591 516 2654 Abbas
535 2593 738 2660 Gatwicensie
755 2593 879 2657 domnus
898 2594 1008 2658 Weailo
1025 2594 1062 2658 de
1079 2593 1220 2656 coniuen-

32 2705 77 2766 tia
103 2702 153 2764 sui
175 2701 296 2784 capituli
320 2700 358 2764 de
377 2681 499 2781 triginta
523 2701 608 2765 libris
629 2708 746 2766 monete
762 2703 943 2766 wiennensis
967 2703 1103 2767 abbatem
1119 2703 1220 2768 Medi·

32 2815 188 2879 liceaaem
203 2810 343 2874 uidelicet
359 2813 531 2875 Rcaoldam
549 2831 685 2876 securum
706 2813 836 2876 reddidit
851 2817 882 2876 et
898 2810 989 2876 abbas
1011 2812 1221 2877 medilicenoio

33 2923 73 2986 de
92 2941 245 2986 consensu
266 2920 398 2984 eiusdem
415 2921 537 3004 capituli
559 2919 603 2983 liti
620 2922 750 2985 totaliter
771 2943 825 3005 per
848 2922 1110 2985 exfestucationem
1132 2920 1220 2984 abre·

32 3033 195 3098 nuntiauit.
242 3031 287 3095 Ne
318 3051 390 3114 ergo
424 3033 606 3115 inposterum
643 3033 680 3096 de
712 3038 770 3096 tam
801 3032 969 3096 rationabili
1005 3033 1220 3115 compositione

32 3144 137 3227 aliqua
166 3142 264 3224 possit
295 3140 364 3204 oriri
398 3141 611 3213 controuersia,
639 3143 734 3225 ipsam
766 3144 998 3206 transactionem
1026 3142 1220 3226 inscriptione
1266 3139 1275 3162 '

30 3251 190 3337 presentis
218 3250 327 3333 pagine
353 3248 525 3313 roboramus
553 3255 584 3314 et
612 3251 702 3333 sigilli
726 3252 820 3314 nostri
843 3251 1038 3336 impressione
1064 3250 1221 3315 confirma·

33 3382 113 3424 mus.
162 3359 363 3422 lnterluerunt
399 3363 494 3422 autem
535 3358 604 3424 huic
639 3360 718 3424 iacto
754 3361 889 3440 religiosi
924 3361 981 3424 uiri
1019 3358 1142 3424 abbates
1181 3360 1219 3424 de

31 3476 151 3535 sancta
174 3489 267 3532 araca
293 3467 417 3531 domnus
448 3469 648 3541 iteratarum
675 3475 706 3532 et
732 3470 770 3533 de
791 3472 907 3536 Zwetel
928 3467 1097 3540 Bicberaa
1126 3476 1157 3532 et
1180 3469 1218 3534 de

32 3579 212 3646 ammonae
235 3576 441 3654 Adalbertaa;
477 3583 507 3640 et
530 3579 675 3662 prepositi
697 3580 895 3667 Sipabardas
919 3579 1154 3662 archipresbiter
1178 3579 1215 3643 de

31 3695 147 3755 sancto
163 3689 300 3775 ypolito,
325 3691 355 3750 et
374 3689 444 3753 Otto
461 3687 499 3752 de
515 3698 623 3755 sancta
636 3690 786 3773 floriano,
815 3697 846 3755 et
863 3693 1041 3758 Gotacclcos
1058 3691 1095 3753 de
1112 3696 1215 3754 sancto

32 3798 170 3864 andrea.
193 3797 362 3861 Bertoldas
375 3797 505 3860 decanus
522 3798 559 3862 de
571 3799 704 3863 Dalana.
729 3801 775 3862 De
788 3799 949 3882 capellanis
966 3800 1086 3862 uostris.
1113 3800 1216 3864 Oban-

33 3907 138 3972 radaa
159 3903 197 3966 de
214 3904 363 3991 naupacti,
392 3910 422 3967 et
437 3906 521 3971 Dato
544 3905 581 3968 de
597 3907 778 3984 bacindarc,
799 3915 829 3972 et
850 3910 993 3990 magister
1005 3907 1163 3973 Araoldaa
1179 3908 1217 3972 de

34 4016 69 4080 S.
87 4016 282 4090 Petroaclla,
305 4014 476 4102 Pilprimaa
500 4015 538 4078 de
553 4015 821 4105 Aldrecbtapcrpe,
847 4018 1014 4083 Heinricas
1036 4017 1073 4080 de
1098 4018 1215 4094 Widcn‚

37 4126 112 4190 Otto
131 4123 169 4186 de
184 4123 507 4196 marchwartaarwar,
521 4123 660 4209 Sifridaa
681 4127 718 4190 de
733 4134 868 4198 mutarn,
892 4127 1060 4191 Heinricao
1080 4123 1217 4192 (1601ιὸ-

35 4234 132 4301 liabe,
159 4232 231 4296 Otto
248 4231 285 4294 de
300 4231 506 4320 Anaiaberpe,
529 4234 713 4300 Cbanradas
729 4236 766 4298 de
783 4237 999 4320 bobeaataafe.
1023 4236 1216 4301 Manbardae

37 4346 77 4409 de
93 4345 282 4428 imcinstorf,
306 4344 493 4410 Adultertaa
514 4345 711 4428 crebeapacb,
753 4344 913 4427 Gotfridae
937 4343 973 4407 de
989 4345 1213 4432 radiliaperqc.

40 4455 160 4520 Wirato
178 4453 216 4516 de
229 4454 329 4535 palte.
361 4430 519 4518 idalricac
542 4454 578 4517 de
601 4452 784 4518 boriabacb.

105 4560 159 4612 Das
173 4557 277 4626 gleiche
291 4558 456 4626 herzoglicbo
469 4561 625 4629 Mdnzsiegel
640 4560 719 4628 btngt
732 4576 763 4612 au
772 4558 847 4612 ,einer
859 4557 910 4611 lein
922 4557 1100 4629 gellocbtenen
1110 4559 1211 4614 Scbnur

35 4669 82 4706 rou
95 4651 261 4722 marathon
274 4649 449 4704 Saldentaden
462 4652 513 4706 und
527 4651 562 4706 ist
574 4653 744 4706 volllsmmen
759 4650 885 4704 orhalten.
