3094 5094
285 407 335 476 82

278 580 365 665 filins
393 579 460 643 eins
488 575 617 640 obcunte
646 579 732 658 patre
759 595 851 657 super
874 574 966 637 altare
989 577 1096 638 sancte
1124 573 1221 638 llarie
1250 575 1389 640 secundo
1419 595 1487 639 cum

282 685 417 749 omnihus
445 685 508 747 suis
532 682 699 767 apendiciis
724 681 887 763 delegauit.
920 681 1013 746 Huius
1036 683 1081 746 rei
1107 687 1204 748 testes
1227 688 1308 747 sunt.
1345 685 1422 749 ono
1447 685 1488 750 de

281 793 480 882 cleopham.
505 791 653 856 Dietriclr
676 792 717 855 de
732 787 928 875 dodenstsife.
953 789 1133 856 Alrommns
1153 793 1194 856 de
1216 791 1358 876 hofdorf.
1383 793 1487 858 Adel·

280 902 443 968 dertns‘de
457 899 732 987 wolprelrtesdorf.
752 899 848 965 Weril
862 900 903 963 de
918 898 1158 986 odoriesperlrlr.
1182 902 1276 988 ano
1299 901 1342 965 de
1358 901 1487 965 dunne-

279 1011 361 1095 dorf.
389 1011 460 1074 ono
485 1012 516 1069 et
534 1009 642 1091 frater
663 1007 731 1071 eins
746 1007 900 1071 Adellrero
924 1009 965 1071 de
986 1006 1218 1094 damaisepoclr.
1246 1009 1430 1094 Wolslcems
1455 1016 1487 1074 et

275 1121 382 1203 frater
405 1118 472 1181 eins
498 1115 694 1180 Heribordns
715 1115 755 1179 de
777 1111 1013 1201 minerlinpen.
1046 1113 1116 1180 Otto
1137 1117 1262 1203 pnldin.
1292 1118 1485 1182 Dietmnrns

278 1221 457 1292 elrnnnrille.
487 1223 608 1290 llirntlr
623 1223 664 1287 de
674 1223 758 1310 polt.
783 1222 975 1309 Perinperns
992 1220 1102 1306 aliique
1118 1222 1233 1307 plures.

800 1410 950 1481 CCCXX.

366 1551 512 1614 Nouerint
528 1569 630 1613 omnes
653 1547 759 1613 fideles
777 1545 900 1612 Christi.
927 1547 1015 1630 Quod
1038 1547 1158 1631 quidam
1173 1549 1420 1636 Mepinwnrdus
1441 1549 1483 1613 de

279 1661 455 1723 Graworen
477 1657 613 1742 predium
640 1656 788 1740 quoddam
812 1657 970 1742 tinefintal
992 1656 1115 1720 dictum.
1139 1677 1154 1719 a
1172 1657 1273 1722 nobili
1294 1657 1365 1722 niro
1383 1656 1482 1720 hart·

278 1787 394 1831 manno
416 1771 628 1849 comparatum.
647 1763 783 1846 delegari
806 1765 880 1828 tecit
901 1765 931 1828 in
957 1781 1061 1826 manus
1079 1763 1263 1828 Gelrelrordi
1282 1765 1325 1829 ole
1346 1766 1480 1852 olpers·

274 1873 355 1938 baele
368 1894 445 1958 eque
457 1871 569 1936 nobilis
583 1871 650 1935 niri.
668 1871 726 1936 sibi
748 1879 779 1938 ct
791 1871 861 1936 liliis
879 1871 942 1935 suis
964 1871 1196 1935 obseruandum.
1212 1873 1371 1956 Defiencto
1400 1891 1479 1954 ergo

273 1983 490 2069 Mepinooordo
509 1981 597 2066 filins
623 1981 691 2045 eins
714 1979 900 2066 perdnrdns
926 1980 1071 2062 acceptis.
1099 1978 1133 2041 L.
1165 1982 1273 2043 marcis
1302 1999 1318 2042 a
1348 1979 1479 2044 domino

274 2090 440 2155 Cdodallso
455 2090 638 2155 kotwicensi
652 2091 773 2154 abbate.
791 2087 935 2172 quidquid
951 2088 980 2150 in
997 2087 1134 2172 predicto
1147 2089 1255 2170 predio
1267 2090 1340 2152 iuris
1352 2087 1477 2155 habuit.

273 2199 346 2262 culti
370 2204 400 2262 et
422 2197 526 2261 inculti
561 2199 654 2278 agris.
672 2196 780 2260 uineis.
798 2196 893 2259 siluis.
911 2195 1042 2278 pascuis.
1060 2215 1204 2279 aquarum
1220 2196 1420 2261 decursibus.
1440 2200 1478 2263 ad

272 2307 367 2370 altare
392 2311 497 2370 sancte
515 2306 609 2368 llarie
631 2307 659 2366 in
684 2303 815 2368 lrotwico
839 2304 916 2367 tradi
939 2304 1022 2366 fecit.
1056 2305 1122 2386 Qus
1139 2304 1268 2368 tradicio
1285 2306 1353 2389 quia
1371 2315 1478 2372 morte

274 2415 456 2481 Gebelrardi
477 2416 695 2478 interueniente
720 2413 882 2477 dilationes
909 2414 1051 2476 sustinuit
1074 2411 1134 2475 lilio
1153 2414 1219 2476 eius
1235 2415 1381 2480 Dietrico
1409 2419 1476 2480 iure

271 2521 394 2586 deuenit
409 2521 602 2588 hereditario.
629 2521 710 2584 Sane
726 2521 805 2584 idem
820 2521 1004 2608 perluordns
1020 2521 1049 2583 in
1066 2522 1221 2602 presentia
1238 2521 1347 2584 domini
1363 2527 1475 2590 Hein-

269 2631 334 2696 rici
347 2629 578 2718 ratisponensis
592 2631 745 2717 episcopi.
757 2629 1015 2716 Marcdionisqne
1027 2630 1179 2716 Linpoldi
1190 2633 1220 2692 ct
1235 2630 1359 2695 aliorum
1379 2633 1473 2698 nohi-

269 2741 350 2804 lium.
369 2739 493 2803 eandem
509 2739 699 2803 traditionem
717 2759 784 2802 cum
801 2759 888 2802 manu
900 2739 1021 2803 domini
1033 2739 1086 2804 sni
1100 2739 1248 2805 Heinrici
1262 2741 1302 2804 de
1316 2745 1471 2826 wolfrat-

269 2849 370 2914 lensen
383 2870 398 2913 a
411 2849 545 2912 dietrico
561 2848 590 2910 in
608 2868 712 2911 manus
727 2848 909 2913 Gebelrordi
919 2848 1041 2913 comitis
1053 2849 1094 2912 de
1104 2849 1229 2936 pinpen
1243 2849 1414 2914 transtulit.
1433 2873 1470 2916 ea

269 2957 451 3020 conditione.
481 2960 513 3019 nt
540 2957 607 3039 ipse
635 2955 760 3020 eandem
788 2955 978 3020 traditionem
1006 2958 1036 3018 in
1065 2957 1150 3020 altari
1180 2961 1284 3022 sancte
1312 2958 1468 3024 Maricio

267 3061 396 3128 lrotwieo
426 3063 593 3144 delegaret.
622 3064 687 3145 Que
711 3063 833 3127 traditio
855 3069 920 3128 acta
949 3069 996 3127 est
1023 3064 1079 3128 sub
1107 3064 1238 3128 testibus
1265 3070 1468 3153 conscriptis.

266 3173 423 3260 Irinpoldo
451 3173 644 3237 marchione.
676 3173 881 3259 Repinlrardo
911 3175 951 3237 de
977 3173 1168 3261 ancinderpe
1199 3179 1231 3238 et
1256 3177 1364 3258 fratre
1397 3181 1469 3246 eins

267 3282 453 3347 herimanno
480 3283 521 3345 de
547 3281 756 3346 dnntsloime.
789 3282 965 3347 Hodimnro
992 3282 1033 3346 de
1060 3278 1208 3366 olrifm.
1237 3283 1399 3370 Sipifrido
1435 3293 1469 3353 et

265 3393 400 3478 anone
425 3391 465 3454 de
492 3389 709 3476 witipeisdorf.
748 3389 902 3454 lllrltlrero
929 3390 970 3453 de
997 3389 1211 3475 imzinesdorf.
1245 3393 1398 3461 Gorwino
1425 3400 1467 3463 de

267 3499 483 3582 Gorinesdorf.
507 3497 695 3562 Pernlrordo
717 3497 757 3561 de
778 3499 859 3562 orlo-
887 3498 1038 3562 odolrico
1057 3496 1159 3582 feisse.
1187 3501 1402 3570 Werinltordo
1423 3507 1467 3572 de

263 3611 360 3675 sene.
385 3613 416 3670 et
428 3609 535 3691 fratre
550 3607 618 3672 eins
634 3605 810 3692 liiclrolplro
827 3607 867 3670 de
880 3605 994 3670 nr'clen.

777 3791 940 3862 CCCXXl.

353 3933 391 3997 Vt
415 3933 446 3994 in
469 3932 594 3994 memori
635 3934 826 4013 posterorum
851 3930 1007 3993 habeatur.
1032 3935 1063 3994 et
1079 3931 1205 3996 deuotio.
1222 3934 1370 4000 iustorum
1392 3961 1463 4006 curn

260 4042 424 4124 gratiarum
455 4038 573 4104 actione
599 4044 630 4104 et
656 4040 720 4121 iugi
747 4039 958 4105 obsecratione
986 4041 1105 4106 domino
1134 4041 1191 4106 deo
1220 4049 1462 4116 commendetur.

259 4150 393 4235 presenti
421 4150 535 4232 scripto
568 4139 695 4211 notatur.
724 4148 803 4231 quod
830 4150 973 4214 dominns
997 4150 1174 4233 fridericus
1202 4151 1391 4222 aduocatos.
1421 4160 1462 4223 ob

258 4257 424 4322 remedium
442 4258 539 4321 anime
550 4256 760 4344 primopeniti
772 4258 824 4322 sni
839 4259 895 4344 pni
909 4280 948 4323 ea
964 4257 1017 4322 die
1033 4280 1096 4346 qno
1107 4266 1203 4324 natus
1214 4268 1262 4325 est
1272 4260 1464 4331 innocenter

258 4367 344 4433 obiit.
362 4367 516 4431 dimidium
533 4387 667 4431 mansum
684 4366 719 4429 ad
741 4366 1017 4432 wieaencleirclren
1040 4387 1106 4432 cum
1129 4367 1208 4431 omni
1227 4367 1295 4433 iure
1316 4373 1400 4455 quod
1423 4396 1460 4438 ex

257 4477 355 4542 officio
371 4477 528 4541 iudiciario
543 4477 591 4540 uel
605 4476 763 4540 aduocatis
777 4495 845 4539 eum
861 4475 991 4540 attinuit.
1009 4477 1189 4540 monasterio
1203 4483 1308 4542 nostro
1322 4481 1457 4548 tradidit.

255 4583 349 4648 Huius
366 4585 535 4650 traditionis
551 4589 647 4647 testes
666 4589 745 4648 sunt.
762 4583 939 4649 Hortnidns
954 4586 995 4650 de
1010 4585 1223 4670 imoinesdorf.
1242 4589 1273 4648 et
1286 4589 1379 4673 filins
1391 4591 1460 4658 eins
