3094 5094
239 368 332 484 'su

280 588 453 652 testimonio
485 588 584 652 future
615 589 785 673 posteritati
817 588 1016 655 notificamus.
1047 587 1127 674 quod
1157 607 1258 652 comes
1284 587 1419 675 Siqdoto
1445 589 1482 652 de

276 695 551 762 Herrantesteioe.
577 701 720 780 presente
742 695 867 762 domino
891 703 924 761 et
945 699 1100 764 advocato
1127 701 1245 761 nostro.
1275 698 1311 760 L.
1334 701 1477 775 (iupoldo)

277 804 360 870 duce
383 804 505 870 austrie
529 805 560 867 in
584 803 634 868 die
658 805 849 887 exequiarum
873 803 984 868 domini
1008 782 1114 871 (lirici
1133 806 1173 869 de
1200 803 1339 868 Vlloouen
1364 804 1478 866 curiam

275 915 411 976 suumin
435 912 642 979 Cleruzeteten
664 909 797 976 ecclesie
821 913 1026 977 Chotwicensi
1046 913 1113 976 iure
1137 911 1251 975 lorensi
1277 912 1417 976 tradidit.
1443 931 1478 974 eo

276 1027 392 1086 tenore.
416 1023 449 1083 ut
470 1020 549 1084 idem
574 1038 677 1083 comes
702 1023 733 1082 et
755 1039 954 1084 successores
977 1010 1051 1085 eius'
1068 1040 1083 1082 a
1101 1018 1246 1083 iratribus
1268 1023 1299 1083 et
1320 1021 1478 1101 magistris

276 1128 413 1192 eiusdem
428 1127 587 1211 hospitalis
603 1126 711 1210 quibus
728 1131 758 1190 et
774 1127 855 1190 curie
868 1130 964 1191 seruit
976 1147 1102 1192 annuam
1114 1127 1300 1212 pensionem.
1317 1125 1479 1190 uidelicet

274 1236 326 1300 Xll
342 1236 457 1300 solidos
480 1240 629 1319 perpetuo
652 1235 812 1318 recipiant.
845 1235 936 1299 Huius
957 1236 1004 1300 roi
1026 1241 1121 1300 testes
1143 1241 1222 1299 sunt.
1245 1236 1314 1322 ipse
1329 1235 1480 1300 domirw

275 1347 346 1410 due
369 1346 407 1409 L.
433 1346 542 1428 Croflo
566 1345 606 1408 de
627 1343 869 1429 Ameineepaclr.
889 1344 1071 1409 Clradoldus
1095 1344 1135 1408 de
1157 1343 1262 1408 Seeel.
1290 1343 1415 1408 Ortlieb
1437 1343 1480 1408 de

278 1451 421 1518 Wncdel
441 1455 471 1514 et
486 1453 598 1539 Poppo
614 1452 655 1516 de
672 1451 792 1538 (inope.
816 1449 908 1538 Hupo
924 1453 965 1516 de
979 1452 1139 1538 Metopon.
1168 1451 1239 1516 Otto
1255 1451 1296 1516 de
1310 1450 1479 1516 Puredor-

272 1562 401 1645 tesdorf.
425 1535 553 1625 dicimos
568 1560 608 1624 de
623 1567 741 1624 sturme.
758 1561 873 1625 Altero
889 1560 930 1624 de
947 1560 1113 1647 Gebinpen.
1134 1560 1277 1648 Rudiper
1291 1560 1332 1624 de
1346 1561 1479 1624 Minoe-

274 1672 364 1736 oaou.
382 1670 530 1735 Aranni
546 1671 586 1734 ee
602 1669 791 1755 rossanen.
808 1670 980 1735 mimos
996 1671 1036 1734 ee
1051 1653 1276 1735 nemmem.
1294 1670 1480 1736 eoeneum

273 1781 313 1844 de
328 1780 465 1845 Multae.
492 1778 564 1843 Otto
580 1779 620 1842 dc
634 1779 762 1842 Miserere
777 1783 807 1840 et
818 1781 943 1861 fratres
958 1778 1037 1842 eiua.
1057 1777 1162 1844 Vlrieln
1178 1779 1218 1842 de
1235 1778 1477 1866 Chronepered.

275 1891 306 1950 et
322 1888 416 1950 irater
432 1886 498 1950 eius
513 1886 665 1970 Sifridue.
694 1884 797 1951 Vtriclo
815 1884 946 1950 loedort.
973 1885 1083 1969 Ortolf
1097 1887 1138 1950 de
1154 1887 1285 1950 clomme
1306 1889 1337 1949 et
1348 1888 1478 1970 fratres

273 1999 340 2062 eius
361 1999 473 2084 Poppo
498 2002 530 2060 et
546 1996 679 2083 Wepaot.
710 1995 811 2061 Vtriclo
834 1997 875 2060 de
900 1995 1211 2083 chunipeoprunnen.
1236 1997 1415 2062 Medewielr
1439 1997 1479 2062 de

274 2104 502 2170 Trioomoirn.

781 2289 973 2362 CCCXXVl.

361 2429 470 2492 Notum
486 2428 603 2492 cunctis
621 2427 761 2492 fidelihus
778 2428 915 2491 facimus.
933 2427 1012 2511 quod
1029 2449 1086 2515 epo
1098 2427 1278 2492 Rudmarue
1296 2427 1351 2490 dei
1362 2429 1477 2514 qratia

269 2538 469 2606 kotwiceneis
492 2537 596 2601 dictus
619 2536 732 2601 nobas.
757 2537 930 2620 liudolfum
952 2535 993 2600 de
1016 2535 1146 2599 donello
1169 2554 1223 2618 pro
1246 2534 1375 2598 decimis
1401 2555 1476 2618 quas

269 2648 387 2732 pridem
410 2645 497 2708 bonis
520 2644 582 2707 suis
607 2643 672 2707 siue
696 2647 797 2708 uxoris
818 2665 874 2708 sue
896 2666 917 2708 a
937 2643 1062 2708 domino
1080 2643 1228 2708 Julianus
1242 2643 1476 2730 predecessore

269 2764 377 2821 nostro
401 2753 529 2836 adeptus
556 2753 662 2816 iuerat.
689 2758 749 2815 tam
772 2751 822 2815 diu
845 2751 1037 2836 queremonia
1059 2750 1228 2834 impulsaui.
1253 2749 1351 2834 quoad
1376 2769 1475 2834 usque

268 2865 349 2928 idem
365 2863 431 2946 ipse
448 2861 574 2924 ueniret.
592 2865 623 2923 et
639 2861 762 2924 easdem
775 2861 907 2925 decimas
921 2858 1072 2924 oblatione
1084 2856 1230 2922 honorum
1243 2878 1366 2922 suorum
1382 2859 1473 2921 etiam

268 2993 285 3035 a
302 2972 388 3036 nohis
406 2969 579 3034 redimeret.
598 2969 644 3032 sic
661 2973 769 3045 autem.
787 2973 819 3031 ut
835 2973 903 3052 post
916 2969 1074 3031 decessum
1089 2987 1174 3030 suum
1186 2966 1304 3030 decime
1317 2967 1370 3029 ille
1383 2966 1472 3030 nobis

267 3079 364 3142 libere
381 3077 500 3142 cedant.
534 3077 572 3141 Vt
588 3096 662 3158 ergo
680 3077 826 3159 deinceps
842 3077 893 3139 ille
911 3074 1019 3140 nullam
1036 3075 1183 3158 inpulsam
1199 3077 1358 3138 sustineat.
1385 3081 1471 3139 etue

220 3218 224 3225 ·
268 3207 323 3250 nos
340 3187 377 3250 ab
395 3186 493 3277 aliquo
510 3193 700 3268 posterorum
719 3185 785 3248 eius
802 3185 939 3248 iniuriam
963 3184 1105 3248 feramus.
1124 3183 1244 3246 etiamsi
1269 3183 1348 3246 filios
1374 3203 1472 3264 genu-

267 3297 325 3360 erit
356 3297 435 3358 hanc
463 3315 552 3357 manu
580 3293 724 3376 scriptam
751 3293 852 3374 sigillo
880 3297 983 3355 nostro
1012 3293 1206 3374 signauimus.
1235 3295 1267 3354 et
1293 3293 1470 3356 testimonio

264 3403 428 3466 uiuentium
452 3401 575 3464 testium
598 3401 784 3464 roboramus
818 3401 896 3464 Sunt
918 3420 992 3481 ergo
1015 3405 1123 3464 testes.
1157 3401 1350 3466 Clrunradue
1363 3403 1471 3485 freter

264 3513 405 3578 eiusdem
415 3511 551 3593 liudolfi.
569 3509 708 3574 Waltlrer
719 3510 760 3572 de
768 3510 961 3596 pozinsdors.
981 3509 1153 3592 lllolp‘lcerus
1164 3510 1204 3574 de
1215 3509 1309 3596 dape.
1326 3509 1471 3594 Se‘fridue

264 3623 303 3686 de
332 3618 519 3684 dorinbuclc.
550 3618 717 3681 Pertoldus
745 3619 785 3681 de
803 3639 942 3703 precone·
979 3617 1092 3681 Wirint
1114 3619 1153 3682 de
1179 3619 1260 3704 pult.
1293 3617 1404 3682 Vtricla
1431 3618 1471 3682 de

262 3729 366 3794 estate.
396 3727 518 3792 Vtricus
533 3725 685 3790 econlielo.
709 3725 865 3790 Meiroloer.
890 3725 1078 3812 Enpileaclo.
1102 3726 1283 3790 Heinrioue.

760 3909 966 3980 cccxxvii.

352 4049 461 4112 Notum
478 4049 521 4113 sit
536 4055 595 4112 tem
613 4048 805 4131 presentibus
831 4067 917 4132 quam
940 4047 1062 4134 futuris.
1085 4049 1165 4132 quod
1185 4047 1314 4133 quedam
1330 4072 1467 4117 uertera-

263 4158 337 4223 bo'lie
352 4165 500 4222 matrona
515 4158 555 4221 de
572 4152 893 4243 Chriphorno.·nomine
906 4156 1075 4220 Elisabeth
1088 4164 1290 4243 copnomento
1308 4160 1466 4224 Zollinne.

262 4265 300 4328 ob
324 4267 490 4329 remedium
517 4266 613 4328 anime
637 4285 692 4328 sue
712 4265 882 4351 maritique
902 4265 955 4328 eui
978 4265 1145 4330 Cleonrodi
1165 4266 1243 4329 Zoll.
1263 4267 1391 4354 filiique
1417 4269 1468 4333 uri

259 4374 400 4438 eiusdem
422 4373 568 4437 nominis.
596 4375 715 4436 uineam
738 4374 768 4436 in
794 4373 999 4456 Gerrotstorf
1017 4377 1122 4434 sancte
1140 4371 1190 4435 dei
1206 4373 1353 4452 genitrici
1371 4377 1465 4439 llario

258 4481 288 4543 iu
314 4480 443 4544 kotwico
466 4482 644 4562 potestatiua
668 4499 757 4544 manu
781 4480 943 4562 delegauit.
976 4479 1068 4542 Huius
1093 4479 1138 4542 rei
1160 4484 1256 4543 testes
1280 4486 1367 4546 sunt.
1395 4485 1465 4550 otto

260 4588 300 4651 de
319 4580 427 4652 Wulde
444 4591 474 4650 et
489 4609 591 4675 nepos
607 4588 675 4651 eius
693 4589 852 4652 Euander.
869 4589 1017 4652 ailbertus
1032 4587 1072 4650 de
1086 4587 1321 4674 Copderberelo.
1348 4594 1464 4657 Addere
