3128 5102
298 413 348 485 5'2

223 567 226 572 ⁵
296 585 503 652 militantibus.
536 585 628 650 lluius
656 585 848 668 allegationis
875 587 970 648 testes
998 583 1029 646 hi
1057 587 1126 646 suut
1153 582 1269 647 adsciti.
1302 585 1496 671 Reyinhort.

290 669 1128 781 frueretur.cao.duuoauoareynyoanrm.
1156 692 1289 756 urraca.
1555 689 1556 692 ‘

823 878 962 949 ccxlii.

385 1001 446 1064 Sed
463 1005 494 1064 et
509 1001 567 1064 hoc
584 999 728 1063 memorie
745 998 1012 1062 commendandum
1034 997 1114 1082 quod
1131 998 1251 1082 quidam
1268 1000 1496 1065 Pcriubcrdos

293 1113 333 1177 dc
352 1111 460 1174 Trana
476 1115 508 1174 et
523 1111 589 1192 ipse
604 1109 718 1173 nobilio
734 1108 859 1174 tradidit
874 1107 911 1170 ad
928 1106 1054 1171 eundem
1068 1107 1195 1191 tytulum
1207 1107 1391 1172 dominicale
1404 1130 1494 1172 unum

296 1218 334 1281 ad
350 1217 546 1305 Pacchiopirr
563 1217 685 1280 dictum.
703 1222 771 1300 post
787 1216 899 1279 obitum
916 1236 1002 1278 suum
1020 1215 1090 1278 huic
1108 1215 1238 1280 ecclesie
1259 1218 1325 1279 iure
1341 1222 1496 1300 perpetuo

292 1327 470 1392 cedendum.
503 1325 596 1390 Huius
623 1328 669 1390 rei
696 1329 792 1390 testes
822 1330 923 1388 extant
952 1325 992 1388 bi.
1026 1325 1236 1390 Chuooraduc
1259 1327 1301 1390 de
1322 1327 1493 1412 pilsteinc.

293 1437 403 1502 Geruli
425 1437 466 1500 dc
490 1436 621 1504 oleario.
654 1434 810 1500 Heinrich
833 1433 875 1498 dc
896 1434 1038 1498 cbombc.
1070 1435 1232 1521 Bepioper
1249 1421 1285 1496 'et
1305 1435 1397 1519 filius
1425 1437 1494 1499 cius

290 1545 460 1633 chiopcr.
473 1543 674 1610 Hcidiorich.
687 1544 851 1608 Herimao.
865 1542 1024 1606 Heridcrt.
1045 1543 1207 1608 Woltricb.
1225 1543 1339 1630 Epioe.
1358 1543 1492 1606 louesti·

290 1657 357 1716 ture
374 1653 492 1718 Geruli.

820 1762 958 1833 CCXIV.

380 1885 528 1949 Nouerint
544 1885 679 1948 uniuersi
696 1889 802 1948 sancte
819 1884 953 1948 ecclesie
966 1883 1028 1948 lilii.
1047 1885 1176 1967 qualiter
1188 1885 1307 1968 quidam
1320 1885 1360 1948 de
1372 1887 1491 1950 familia
1555 1883 1556 1888 ’

172 2029 174 2033 -
289 2015 315 2056 s.
333 1993 490 2077 Stephani.
520 1993 557 2058 N.
580 1993 687 2058 Anido.
717 1993 867 2076 peticione
886 1994 1040 2081 principue
1059 2016 1116 2058 sace
1138 1995 1243 2060 ludite
1264 1995 1391 2058 tradidit
1413 1996 1491 2059 duas

288 2101 392 2165 uineas
414 2119 480 2165 cum
505 2101 568 2165 suis
591 2101 779 2184 appendiciis
806 2099 842 2163 ad
868 2101 962 2164 altare
984 2100 1017 2164 S.
1042 2101 1148 2164 lilarie.
1171 2108 1240 2187 post
1261 2102 1376 2166 obitum
1399 2125 1489 2166 suum

287 2209 358 2272 huic
381 2208 512 2274 ecclesie
533 2209 600 2272 iure
621 2211 769 2294 perpetuo
794 2208 955 2272 cedendas.
986 2229 1022 2272 eo
1044 2213 1144 2273 tamon
1166 2215 1255 2294 pacto
1278 2215 1311 2274 ut
1331 2213 1359 2273 si
1376 2211 1490 2296 aliquis

287 2319 412 2381 fratrum
429 2318 570 2401 predicto
585 2317 697 2379 femine
714 2336 765 2380 eas
782 2317 935 2380 redimere
951 2318 1046 2381 uellet
1061 2315 1131 2382 xxc
1145 2339 1264 2384 marcas
1281 2321 1488 2403 persoluerel.

286 2424 379 2490 Huius
396 2426 567 2488 traditionis
584 2429 681 2489 testes
698 2425 729 2488 hi
746 2428 816 2488 sunt
831 2424 968 2488 adhibiti.
1004 2427 1163 2492 Germani.
1196 2429 1317 2514 Poppo.
1356 2429 1487 2494 Witlccr.

287 2530 438 2598 obdurat.
453 2509 546 2598 dale.
562 2532 727 2596 Heriman.

822 2663 944 2734 CCXV.

376 2785 524 2848 Nouerint
539 2789 598 2847 tam
615 2785 768 2867 presentis
791 2785 840 2848 eui
855 2782 972 2848 fideles.
990 2805 1078 2870 quam
1100 2786 1166 2850 loco
1184 2805 1287 2850 eorum
1305 2791 1487 2852 successuri

284 2891 425 2955 heredes.
455 2892 535 2976 quod
551 2892 727 2980 biopoldus
742 2891 885 2957 marchio
902 2897 1008 2972 rogatu
1024 2894 1143 2958 sororio
1158 2915 1215 2958 cuc
1233 2895 1388 2982 Gerbirpc
1404 2898 1485 2962 duc-

282 3000 374 3066 tricis
395 3002 435 3065 dc
455 3001 576 3065 boemia
599 2996 754 3082 delegauit
775 3002 806 3063 in
828 3019 932 3064 manus
957 3000 1138 3066 chcloordi
1158 3003 1281 3066 comitis
1301 3004 1342 3066 dc
1364 3003 1485 3091 Piupin

282 3109 420 3194 predium
441 3102 636 3196 lbqitioccoc.
660 3109 835 3194 dancholfia
861 3158 1095 3178 ......
1122 3109 1261 3197 (rasura)
1287 3161 1295 3175 .
1333 3161 1340 3176 .
1379 3160 1387 3175 .
1414 3133 1484 3176 cum

283 3219 363 3282 omni
386 3218 461 3282 silua
485 3219 564 3282 sicut
585 3217 734 3302 quondam
757 3218 918 3284 Wcldoois
940 3219 1047 3282 fuerat.
1074 3239 1109 3282 ea
1131 3219 1276 3283 uidelicet
1297 3221 1426 3284 ratione.
1449 3227 1484 3287 ut

282 3325 349 3410 ipse
367 3323 526 3407 delegaret
541 3345 600 3408 quo
616 3325 753 3406 predicta
770 3329 903 3387 matrona
921 3327 1058 3410 petisset.
1083 3325 1164 3388 ldem
1181 3348 1255 3390 uero
1274 3329 1485 3395 Gcbcharduc

281 3439 411 3517 rogante
436 3435 546 3500 cadem
570 3434 713 3498 ductrice
736 3432 860 3497 tradidit
884 3434 920 3497 ad
943 3435 1038 3497 altare
1065 3434 1097 3498 S.
1119 3434 1215 3498 Mario
1239 3437 1483 3520 prenominatum

282 3544 430 3629 predium.
453 3549 523 3627 post
545 3543 609 3606 eius
633 3541 744 3606 obitum
767 3541 913 3606 fratribus
937 3543 987 3608 hic
1010 3543 1066 3608 deo
1089 3543 1302 3608 famulantibus
1326 3547 1357 3608 in
1382 3567 1481 3612 usum.

282 3656 426 3737 presente
465 3652 659 3740 Repiromcro
694 3651 898 3738 putacicosic
936 3653 1068 3716 ecclesie
1091 3653 1251 3740 episcopo.
1288 3653 1425 3718 adiciens
1453 3662 1485 3720 et

281 3763 448 3827 ecclesiam
464 3783 557 3849 quam
585 3761 659 3846 ipsc
689 3767 914 3826 construcerot
941 3761 972 3822 in
989 3762 1137 3847 predicto
1163 3763 1241 3827 loco.
1270 3763 1317 3826 his
1345 3763 1480 3827 testibus

282 3869 434 3933 adhibitis.
458 3865 605 3951 Rddolfo.
634 3869 813 3955 chiopero
838 3874 868 3932 et
886 3869 953 3955 filio
976 3870 1043 3934 cios
1064 3871 1252 3958 Rcyinpcrc.
1278 3873 1480 3938 Heidinrico.

279 3974 448 4043 Raidbertc.
466 3976 681 4064 chiohardo.
700 3976 879 4043 incestiture
894 3975 1060 4062 Ridolfus.
1078 3979 1312 4065 chirchcrdus.

811 4163 948 4234 ccxvi.

367 4285 428 4347 lste
446 4288 494 4346 est
510 4281 655 4345 terminus
672 4303 750 4346 noue
766 4284 929 4368 parrochie
946 4304 1033 4368 quam
1057 4287 1185 4348 instituit
1201 4285 1341 4350 dominus
1361 4287 1477 4354 Ncnco

180 4459 183 4470 ,
278 4395 375 4459 cibos
391 4395 482 4481 opud
498 4393 575 4458 Grie
589 4395 618 4456 in
635 4393 739 4476 predio
757 4393 790 4456 S.
807 4393 902 4456 Mario
919 4393 948 4456 in
960 4393 1026 4456 loco
1039 4395 1089 4478 qui
1103 4393 1213 4458 dicitur
1226 4392 1378 4461 Chilone.
1396 4399 1480 4480 quod

277 4507 489 4566 nuncuocatur
504 4501 540 4565 ad
557 4521 664 4566 nouam
682 4501 852 4566 ecclesiam.
871 4506 902 4565 et
918 4501 1057 4566 dedicata
1070 4507 1118 4566 est
1130 4503 1161 4566 in
1174 4501 1288 4568 honore
1305 4503 1477 4571 eiusdems.

278 4610 328 4674 dei
346 4610 505 4694 genitricis
515 4611 731 4698 altcpiomorc
743 4610 946 4696 poloniensis
961 4611 1093 4676 ecclesie
1105 4613 1265 4699 episcopo.
1281 4613 1332 4700 qui
1350 4618 1382 4678 et
1398 4615 1477 4678 infra
