3076 5094
275 347 351 418 250

269 523 374 610 poelt,
398 522 436 585 de
458 521 690 610 piyartinpuclo
718 540 812 604 osque
837 521 868 582 in
891 517 1084 606 Actispaclu
1110 522 1140 582 et
1163 517 1201 582 de
1216 516 1402 604 Acirispoclo
1423 516 1451 577 in

273 632 451 702 danubium,
477 631 580 714 sicque
597 650 652 712 per
673 630 843 694 danubium
865 648 960 712 usque
980 627 1016 690 ad
1035 625 1201 712 predictam
1216 625 1348 689 uillulam
1366 625 1451 690 oute-

274 740 387 822 bidorf,
407 738 486 801 unde
502 737 580 800 idem
595 737 739 800 terminus
756 738 883 820 exurgit.
901 736 1050 822 Capellam
1068 739 1157 800 etiam
1174 757 1198 798 s.
1215 737 1403 822 Maryarete
1418 734 1453 798 ed

272 847 414 912 Maturin
429 866 495 910 cum
523 845 592 909 dote
616 845 653 908 ad
677 864 740 908 eam
762 847 951 929 pertinente,
976 850 1006 910 et
1019 845 1130 910 murale
1147 845 1222 908 infra
1238 844 1321 928 quod
1337 841 1452 927 capella

274 978 299 1020 s.
316 955 435 1038 Agapiti
457 953 593 1018 habetur.
617 953 807 1016 Parroclriam
828 954 988 1020 Malibaclt
1009 973 1075 1017 cum
1103 953 1237 1018 omnibus
1266 951 1453 1037 appendiciis

275 1065 346 1128 suis.
378 1063 470 1127 lluius
486 1063 630 1126 terminos
645 1067 693 1125 est
708 1083 725 1125 a
739 1067 830 1146 ponte
846 1065 896 1148 qui
912 1069 1036 1128 uocatur
1052 1059 1172 1128 Zirinae
1188 1083 1255 1128 com
1271 1063 1377 1126 uillola
1399 1081 1454 1146 que

277 1174 407 1256 proxima
433 1177 481 1235 est
503 1171 618 1236 Struma
634 1171 762 1244 contine,
778 1175 808 1236 et
831 1172 901 1235 inde
922 1172 1079 1236 descendit
1093 1191 1187 1256 usque
1205 1172 1454 1242 Gerriclueatula

273 1282 395 1345 indeed
412 1283 489 1344 uiam
505 1282 552 1344 cui
569 1300 673 1344 nomen
691 1285 738 1342 est
748 1281 1030 1354 Plecliuntirwccla,
1045 1280 1116 1344 iude
1131 1281 1367 1364 Wrintindorf,
1387 1279 1456 1341 hinc

275 1395 391 1473 aporta
417 1390 629 1455 Gnannclinea
649 1388 753 1471 predia
777 1389 939 1453 liberorum
961 1396 1045 1455 recta
1064 1391 1142 1453 linea
1159 1409 1256 1474 usque
1271 1387 1456 1453 Perlourtta-

275 1498 365 1568 aticla,
381 1497 452 1560 inde
468 1518 561 1581 usque
580 1497 803 1570 Ticlmonnes,
829 1497 937 1562 dehinc
957 1520 1076 1562 rursum
1093 1519 1182 1583 supra
1203 1495 1456 1585 Hubicloispuclu

276 1607 314 1670 de
330 1605 558 1693 laubiclriepacla
575 1604 612 1666 ad
634 1609 752 1688 pontem
768 1606 797 1668 in
813 1607 916 1689 primis
931 1608 1110 1670 nominatum
1124 1603 1248 1672 uicinae.
1264 1605 1456 1669 Parrcchiam

275 1714 311 1778 ad
327 1715 443 1778 Nol-iub
460 1734 526 1778 com
543 1713 672 1776 ecclesia
688 1713 725 1775 ad
736 1714 943 1800 Pfuffcndurfl
961 1718 991 1777 et
1007 1715 1076 1778 dote
1086 1715 1246 1778 earundem
1259 1714 1457 1778 ecclesiarum

276 1828 306 1886 et
322 1823 517 1886 decimatione
533 1822 668 1886 uillarum
684 1821 720 1884 ad
735 1821 855 1886 easdem
873 1822 1017 1886 ecclesias
1033 1825 1262 1908 pertinentium,
1280 1843 1357 1908 quas
1374 1821 1459 1886 nubi·

275 1931 312 1994 lis
328 1930 375 1994 uir
394 1929 573 2015 Wolslrcrue,
590 1936 621 1992 ut
637 1930 704 2014 ipse
725 1929 761 1994 ab
779 1933 953 2014 episcopatu
969 1932 1125 2005 habuerat,
1146 1933 1272 1997 cenobio
1288 1931 1418 1996 tradidit
1432 1931 1458 1992 in

276 2043 430 2125 proprium
446 2041 492 2104 ius
509 2061 544 2104 ea
560 2039 745 2112 conditione,
770 2046 801 2102 ut
816 2040 853 2104 ab
872 2041 946 2125 ipsis
967 2041 998 2104 in
1019 2041 1120 2104 diuino
1132 2041 1262 2106 seruicia
1276 2039 1459 2124 prouideau·

276 2153 326 2212 tur
348 2154 379 2212 et
402 2148 526 2212 fratrum
548 2145 668 2210 utilitati
690 2147 856 2214 nullatenus
872 2149 1051 2214 auferantur.
1083 2150 1321 2214 Decimationcm
1343 2168 1460 2233 quoque

278 2257 314 2320 ad
331 2257 491 2344 artpnrclo.
515 2256 704 2320 Parrochiam
719 2255 758 2318 ad
773 2278 798 2320 s.
815 2259 1026 2323 Petronellam
1042 2279 1108 2323 cum
1120 2260 1189 2322 dote
1202 2264 1232 2322 et
1243 2257 1411 2323 ecclesiam
1426 2256 1459 2320 ad

277 2365 408 2432 Bouilin
423 2385 490 2429 cum
513 2366 581 2430 dote
606 2370 636 2428 et
663 2365 861 2428 ecclesiarum
889 2367 1021 2450 ipsarum
1047 2367 1172 2432 termino
1199 2368 1368 2451 antiquitus
1393 2359 1461 2451 pre-

279 2473 376 2546 finito,
394 2494 460 2538 cum
485 2472 682 2538 decimatione
698 2474 736 2537 de
752 2475 829 2537 omni
844 2473 991 2540 beneficio
1007 2477 1160 2563 Deipoldi
1180 2476 1369 2541 marchionis
1386 2475 1461 2540 iufra

281 2583 433 2649 lisoium
449 2588 480 2646 et
495 2583 613 2648 Litalaa
628 2583 736 2666 posito,
752 2604 789 2646 ex
804 2583 939 2646 omnihus
954 2583 1034 2648 uillis
1049 2585 1269 2669 pertinentibus
1291 2585 1331 2649 ad
1361 2585 1460 2650 eccle·

279 2693 339 2754 sias
356 2692 555 2764 Heimlurclu,
572 2713 597 2753 s.
609 2693 836 2764 Petroncllum,
852 2693 1000 2765 Humilia,
1016 2694 1359 2781 decliricloesprucca‚
1377 2694 1462 2759 cultis

281 2807 311 2864 et
326 2799 513 2884 postmodum
529 2800 674 2872 colendis,
692 2800 799 2882 quibus
815 2803 909 2883 primo
924 2824 939 2864 a
956 2823 1003 2864 me
1017 2802 1158 2866 inuestita
1175 2809 1223 2865 est
1240 2803 1300 2869 hec
1320 2805 1463 2876 ecclesia,

281 2915 311 2974 et
327 2909 551 2974 decimationem
564 2908 602 2970 de
614 2910 782 2974 Haecloaca
799 2915 829 2972 et
845 2909 882 2972 de
894 2911 1039 2996 Diuptal,
1051 2931 1107 2994 que
1124 2911 1201 2974 infra
1216 2913 1381 2976 terminum
1399 2918 1465 2976 suut

281 3040 305 3081 s,
322 3020 507 3082 Petronelle.
534 3017 572 3080 Et
598 3016 674 3080 ultra
696 3017 864 3084 danubium
886 3019 1159 3104 liubmanncedorf
1172 3028 1203 3085 et
1230 3020 1469 3106 Wzilincedorf

228 3211 229 3220 ἵ
280 3131 343 3192 tres
360 3147 495 3198 mansus,
518 3113 599 3210 'quos
628 3125 761 3190 dorninus
777 3128 955 3215 Siyloordus
970 3127 1184 3222 aquilegiensis
1199 3131 1374 3213 patriarcha
1398 3132 1466 3196 mihi

281 3238 312 3300 in
336 3235 537 3299 concambium
564 3235 685 3300 tradidit
716 3242 747 3300 et
777 3237 1003 3300 decimationem
1030 3237 1068 3300 de
1100 3237 1213 3302 eisdem
1244 3239 1339 3304 uillis.
1397 3241 1465 3304 Par·

283 3343 413 3407 rochiam
438 3344 475 3408 ad
502 3345 650 3431 Claiuliap
676 3365 742 3408 cum
764 3345 897 3408 omnibus
917 3345 1104 3428 appendiciis
1121 3340 1203 3418 suis(
1218 3351 1303 3412 cuius
1321 3352 1465 3416 terminus

282 3473 390 3518 uersus
412 3453 600 3518 occidentem
622 3455 700 3516 inter
716 3452 854 3516 allodium
877 3453 1056 3516 marchionis
1079 3457 1237 3542 Leopuldi
1267 3462 1298 3520 et
1331 3479 1463 3542 quorun·

283 3562 350 3626 dam
365 3561 508 3656 nobilium
520 3561 710 3626 descendens
726 3561 899 3625 amontanis
915 3561 944 3624 in
958 3562 1122 3633 cabirmar,
1138 3564 1207 3628 iude
1223 3565 1260 3630 ad
1267 3566 1464 3644 Smidilaucl,

284 3669 354 3734 iude
378 3669 461 3734 uadit
475 3671 555 3734 accit
570 3670 607 3733 ad
623 3670 722 3734 uillam
738 3670 908 3746 Haimonis,
937 3668 1047 3734 dehinc
1074 3672 1111 3735 ad
1126 3674 1362 3761 munainpuela,
1380 3697 1463 3762 quen

286 3779 444 3844 descendit
471 3779 508 3842 ad
535 3781 629 3845 riuum
650 3779 798 3844 Huriwin
823 3782 854 3841 et
880 3779 949 3842 hinc
970 3798 1065 3862 usque
1094 3779 1132 3844 ad
1162 3783 1355 3867 auraicensi,
1380 3806 1463 3872 quem

285 3887 441 3954 descendit
463 3887 500 3951 ad
515 3888 788 3963 Rodwancobaclu,
813 3891 843 3950 et
859 3887 927 3950 hinc
942 3886 1078 3952 ascendit
1093 3909 1189 3974 usque
1205 3891 1242 3954 ad
1257 3893 1406 3958 tumulum
1423 3892 1467 3978 qui

285 3997 418 4062 excreuit
445 4016 537 4080 super
563 3997 722 4084 nuqreirn,
746 3995 815 4058 inde
843 3993 966 4058 eandem
993 3995 1175 4060 altitudinem
1203 3997 1285 4062 uadit
1313 4002 1354 4066 ad
1383 4007 1466 4088 caput

285 4107 420 4179 udiliae,
436 4105 506 4170 inde
519 4107 556 4170 ad
568 4105 730 4189 proximum
743 4109 872 4168 montem
884 4103 934 4186 qui
946 4103 1076 4186 pertinet
1082 4104 1120 4168 ad
1126 4107 1287 4172 Han-catat.
1306 4109 1385 4176 lliuc
1398 4111 1465 4176 des·

287 4213 387 4278 cendit
403 4215 484 4278 iuxta
508 4213 725 4300 Oloreliupucla
746 4214 776 4275 in
796 4211 943 4299 patulae,
975 4231 1063 4294 quem
1083 4215 1192 4278 mansit
1214 4222 1298 4282 recto
1316 4216 1413 4284 limite
1428 4219 1462 4284 ad

285 4323 465 4390 Seintleccu
501 4323 581 4386 inter
616 4322 673 4386 duo
700 4321 806 4386 allodia
841 4319 1020 4384 marchionis
1049 4322 1206 4390 Otoclauri
1236 4332 1269 4390 et
1294 4327 1457 4416 Piliqriuai

285 4433 355 4498 inde
376 4438 460 4498 recta
474 4431 552 4496 linea
568 4429 606 4494 ad
621 4430 829 4502 Mollierant,
853 4429 960 4492 deinde
983 4429 1021 4492 ad
1043 4437 1134 4514 caput
1151 4434 1296 4522 pantu,
1321 4436 1395 4504 inde
1410 4459 1469 4524 per,

286 4541 470 4608 altitudinem
486 4545 650 4604 montanam
666 4540 773 4604 transit
788 4559 880 4622 super
894 4539 1080 4605 Steinbercle
1096 4545 1127 4605 et
1144 4541 1182 4606 de
1192 4543 1377 4614 steinberclr
1391 4549 1465 4612 inter
