3122 5096
292 396 344 470 66

289 571 320 634 in
337 571 406 637 loco
423 574 473 657 qni
490 573 599 637 dicitur
613 573 854 661 Radinpiadors.
873 573 988 660 absque
1004 577 1083 640 omni
1100 576 1354 641 contradictione.
1373 573 1486 637 condr-

289 700 373 744 mans
397 683 443 745 his
466 683 606 747 testibus.
638 683 805 766 Wolfrodo.
832 682 1027 771 Mepinpozo.
1054 685 1276 750 melindorp.
1310 683 1486 748 W'atimaro.

289 789 448 856 Nanlero.
466 791 615 879 Epilolso.
631 790 804 856 edilberto.

797 939 978 1012 ocnxvss.

378 1079 417 1143 ut
439 1079 499 1143 hoe
520 1080 664 1144 memoria
685 1079 847 1144 tenendum
867 1079 998 1168 qualiter
1024 1080 1087 1146 duo
1108 1081 1184 1146 uiri.
1214 1081 1287 1146 Huc
1311 1080 1436 1146 scilicet
1457 1084 1487 1144 et

290 1186 491 1253 Charmadas.
509 1207 605 1250 manu.
622 1189 661 1252 ll.
677 1188 790 1252 matria
812 1209 869 1252 aue
891 1186 1081 1252 tradiderunt
1101 1207 1194 1272 super
1216 1187 1312 1254 ellare
1335 1188 1368 1252 S.
1388 1189 1485 1254 Mario

289 1295 427 1379 predium
443 1316 528 1359 suum
545 1295 582 1358 ud
599 1295 729 1361 chambe
744 1295 794 1358 Xl.
811 1315 865 1379 pro
881 1295 1014 1360 talentis.
1039 1315 1076 1360 eo
1092 1301 1208 1361 tenore.
1233 1301 1266 1361 ut
1282 1298 1309 1360 si
1327 1297 1398 1382 quis
1415 1316 1487 1360 suc·

288 1423 414 1472 cessure
436 1405 624 1488 posteritatis
646 1402 798 1468 redimere
821 1407 910 1490 atque
932 1403 1093 1488 possidere
1116 1404 1255 1488 cupierit.
1280 1405 1346 1468 XL.
1372 1404 1487 1468 talenta

288 1513 435 1576 exsoluat.
460 1512 647 1594 Delegantes
672 1533 745 1594 ergo
768 1514 805 1576 eb
828 1511 993 1575 remedium
1016 1513 1179 1575 animarum
1205 1534 1326 1576 suarum
1349 1513 1408 1576 hos
1431 1513 1487 1576 ad-

286 1625 440 1685 traxerunt
454 1625 560 1684 testes.
584 1621 783 1686 Dietmarum
799 1623 839 1688 de
854 1621 1059 1687 demoleret.
1081 1621 1316 1688 Eberhardam.
1339 1621 1487 1709 Sipdoto·

285 1751 365 1794 cem.
378 1729 565 1796 Dietricum.
575 1729 788 1795 Choaradnm.
802 1735 831 1792 et
839 1733 976 1814 fratrem
988 1730 1056 1794 εἰιιε
1066 1730 1275 1796 Dictaturam.
1287 1729 1486 1796 Wtimarom

286 1858 406 1924 quoqne
434 1843 465 1902 et
491 1837 702 1904 Frddericum.
730 1837 985 1926 Mcpinlcurdm
1015 1840 1205 1906 Lentonem.
1235 1839 1375 1923 aliosque
1400 1859 1486 1924 quam

240 1975 242 1980 v
286 1943 402 2028 plures.

785 2077 980 2150 OOLXlllll.

373 2217 481 2282 Notum
505 2217 546 2280 sit
569 2219 685 2281 cunctis
702 2216 816 2280 Christi
839 2215 978 2282 lidelibns
1001 2221 1061 2280 tam
1083 2217 1273 2283 successuris
1297 2235 1389 2300 quam
1411 2238 1484 2300 pre-

284 2326 432 2391 sentibus.
450 2324 579 2409 qualiter
594 2325 738 2389 dominas
748 2325 914 2412 Mcpinpoa
926 2329 995 2408 post
1012 2324 1124 2389 obitum
1136 2325 1256 2409 fratres
1266 2324 1320 2389 sai
1330 2324 1485 2412 Sipisrida'

283 2437 313 2498 io
331 2435 380 2498 die
397 2433 517 2496 scilicet
533 2430 730 2516 depositionis
755 2434 831 2496 eins.
854 2453 957 2496 omnes
978 2434 1159 2497 traditiones
1177 2453 1252 2518 quas
1268 2433 1329 2516 ipsi
1346 2439 1439 2497 antea
1455 2438 1482 2497 in

232 2575 235 2581 ,
282 2541 397 2628 prediis
426 2561 480 2604 seu
506 2540 665 2623 mancipiis
688 2539 725 2603 ad
747 2540 841 2604 altare
869 2546 974 2606 sancte
999 2541 1094 2606 lllarie
1122 2543 1350 2624 delegauerant.
1381 2562 1482 2606 coram

281 2650 407 2715 moino
427 2647 635 2714 Chadalloolto
659 2649 916 2737 archiprcposito
939 2655 1010 2714 tune
1026 2650 1174 2735 temporis
1197 2651 1347 2740 episcopi
1360 2653 1482 2740 stepin-

284 2759 367 2824 berti
380 2757 517 2824 nicorio.
534 2759 646 2823 cddme
662 2778 781 2843 quoque
799 2759 944 2824 Gerlrolro
961 2759 1089 2844 aliisque
1105 2779 1193 2844 quam
1209 2758 1348 2844 pluribus
1366 2761 1482 2824 confir·

282 2867 384 2931 mauit.
409 2867 468 2932 duo
486 2887 521 2930 se
540 2867 659 2930 uiuente
680 2866 868 2930 dominicalia
890 2888 949 2951 quo
977 2867 1034 2930 alia
1063 2867 1182 2931 cercius
1210 2868 1391 2952 firmiusque
1413 2875 1483 2954 post

284 2974 396 3038 obitum
413 2993 498 3040 suum
514 2978 689 3039 tenerentur
701 2973 857 3056 delegans.
875 2974 938 3038 Sed
950 2976 1018 3060 quia
1031 2976 1145 3041 relicto
1157 2976 1279 3042 domini
1288 2977 1481 3066 S.(igifridi)

282 3083 380 3168 aliqua
405 3105 442 3148 ex
463 3083 511 3148 his
535 3084 575 3146 ui.
600 3088 631 3146 et
653 3081 768 3166 absque
790 3083 856 3147 iure
871 3083 1033 3168 possidere
1049 3085 1196 3148 uoluerat.
1213 3084 1344 3168 litigium
1360 3086 1394 3149 in
1410 3107 1482 3172 pre-

281 3194 379 3257 sentia
396 3191 508 3256 domini
521 3191 690 3257 Clunradi
703 3190 901 3257 Mareliooia
910 3194 1087 3278 cunctisque
1098 3191 1286 3278 principibus
1300 3195 1365 3257 suis
1380 3193 1482 3258 dirimi

281 3301 415 3386 oportuit
432 3305 575 3365 exortum.
594 3299 682 3384 Quod
694 3305 724 3364 et
736 3301 846 3364 lactum
859 3305 915 3364 est.
933 3299 1009 3364 Nam
1021 3303 1088 3384 ipse
1100 3301 1245 3367 dominus
1256 3301 1480 3390 megingoz)

278 3412 355 3476 iusta
380 3411 520 3494 optinens
542 3429 670 3474 censura
695 3429 754 3492 que
778 3428 832 3471 sua
854 3415 947 3472 erant.
972 3409 1152 3493 perplures
1176 3410 1284 3474 asciuit
1305 3415 1418 3476 testes.
1447 3417 1479 3476 nt
1557 3405 1558 3428 ³

279 3521 360 3585 omni
381 3520 448 3583 sine
470 3515 614 3602 scrupulo
636 3517 785 3600 perpetim
809 3521 928 3580 maneat
950 3516 1009 3581 hec
1031 3519 1097 3601 ipsa
1114 3517 1254 3582 tradicio.
1278 3518 1392 3582 Addita
1410 3525 1479 3584 sunt
1557 3531 1558 3546 ¹

279 3628 369 3694 etium
386 3628 423 3692 ab
441 3627 493 3692 illo
509 3628 568 3691 hec
583 3624 742 3708 mancipio.
767 3622 943 3706 Ebingerus.
968 3623 1207 3690 Marchwardus.
1229 3625 1398 3692 Arnoldus.
1422 3646 1477 3710 pro
1557 3669 1558 3712 p

278 3758 384 3802 censu.
402 3736 438 3800 V.
457 3735 647 3800 denariorum
665 3733 720 3797 suh
738 3733 785 3796 his
801 3731 943 3796 testibus.
961 3733 1096 3798 Domino
1114 3733 1281 3800 Olcadollro
1295 3736 1476 3824 preposito.

281 3848 426 3914 Wcranat.
442 3845 595 3912 Ildirwin.
618 3843 780 3928 Wolslrm.

792 4026 957 4099 coniux.

366 4171 513 4236 Nouerint
528 4169 664 4234 uniuersi
681 4165 814 4232 ecclesie
826 4166 888 4230 filii.
902 4165 1032 4250 qualiter
1048 4165 1221 4232 Heinricus
1237 4167 1369 4254 puidam
1385 4167 1476 4257 inpe-
1556 4161 1557 4166 ¹

274 4303 356 4348 nuces
371 4281 472 4346 domo.
497 4279 653 4360 delegauit
674 4295 767 4359 super
792 4274 887 4338 altare
909 4273 1042 4338 secundo
1065 4280 1170 4338 sancte
1187 4275 1283 4338 lllarie
1299 4279 1333 4339 ut
1348 4273 1476 4359 delega-

274 4395 361 4456 uerat
388 4389 559 4478 episcopua
582 4385 765 4452 Hcimioas.
793 4384 892 4447 locum
916 4384 967 4465 qni
989 4382 1098 4448 dicitnr
1125 4383 1373 4450 Mcaicltdoucn.
1404 4385 1476 4470 lpse

274 4501 401 4565 enimin
418 4498 483 4563 eins
499 4516 604 4560 manus
621 4493 826 4575 delegauerot.
849 4492 906 4556 hac
923 4491 1104 4556 conditione.
1128 4493 1206 4556 utin
1223 4513 1310 4558 usum
1327 4493 1476 4558 fratribus

273 4608 521 4675 Kotaoioenaidas
544 4603 726 4670 traderetur.
751 4601 799 4664 liii
815 4619 889 4683 engo
907 4600 995 4665 asciti
1010 4604 1080 4664 sunt
1102 4604 1210 4665 testes.
1239 4599 1419 4668 Waltlrerue
1436 4604 1477 4670 de
