3122 5096
290 363 341 436 44

280 542 433 626 delegauit
446 563 515 608 eum
524 561 613 607 manu
620 543 683 630 filii
693 544 746 608 sui
755 543 915 608 Dietrnuri
926 562 1060 607 mansum
1072 563 1161 608 unum
1174 565 1251 608 oum.
1265 545 1298 610 V.
1313 545 1481 630 mancipiis.

286 657 317 716 et
334 653 453 715 uineam
470 671 557 716 unam
574 671 642 717 oum
660 653 723 716 suis
739 651 939 736 appendiciis.
957 652 992 715 ad
1006 653 1101 716 altare
1114 653 1145 717 S.
1161 653 1268 717 lilarie.
1284 653 1313 718 iu
1325 655 1481 738 proprium

289 780 372 824 nsum
399 761 541 824 iratribus
569 760 619 823 hie
649 761 706 824 deo
734 759 939 823 militantibus.
977 759 1071 824 Huius
1093 761 1262 824 traditionis
1291 763 1389 825 testas
1415 767 1482 824 sunt

287 869 403 932 adsciti.
431 869 599 933 Gebebart.
616 870 751 954 Repeto.
769 867 940 953 Mauepolt.
957 869 1123 934 Heinrich.
1142 870 1223 934 Otto.
1239 869 1408 934 Herbsriob.

788 1051 981 1124 CLXXVlll.

377 1193 488 1258 Notum
510 1195 550 1257 sit
570 1189 716 1257 omuibus.
741 1191 821 1277 quod
844 1191 964 1278 quidam
986 1192 1033 1256 uir
1054 1215 1118 1258 noro
1133 1195 1281 1281 ipnobilis
1297 1195 1482 1260 Dietmurus

286 1304 404 1370 nomine
420 1305 461 1369 de
476 1303 626 1368 Paoirstal
639 1300 764 1366 tradidit
780 1301 816 1364 ad
834 1300 927 1364 altare
940 1301 973 1363 S.
989 1301 1082 1364 llario
1094 1309 1210 1385 partem
1226 1304 1377 1387 quandam
1393 1304 1480 1367 uinea

283 1413 370 1477 sitam
386 1415 423 1476 ad
441 1412 747 1494 Guudrammiadorf.
765 1411 798 1472 ia
811 1409 965 1494 proprium
982 1409 1028 1474 ius
1045 1411 1186 1474 fratribus
1203 1411 1261 1476 deo
1278 1411 1332 1474 bio
1347 1411 1479 1476 militan-

284 1521 376 1585 tibus.
389 1523 483 1585 Huius
496 1521 541 1584 rei
552 1525 648 1584 testes
662 1524 738 1584 sunt.
759 1521 881 1606 Puppe.
898 1518 1049 1584 Morboio.
1068 1519 1269 1606 Mepimoort.
1289 1521 1479 1608 Rapinbnrt.

284 1630 449 1695 Heinrich.

797 1759 961 1831 dlxxix.

374 1895 519 1964 Nouerint
532 1900 621 1963 etiam
635 1905 666 1963 et
676 1899 735 1963 boo
748 1899 849 1961 cuncti
863 1897 941 1982 quod
955 1897 1076 1981 quidam
1088 1900 1253 1986 inperiosus.
1267 1897 1303 1961 N.
1318 1897 1479 1984 Starbfrit

283 2013 391 2090 rogatu
408 2008 540 2071 alterius.
558 2007 596 2070 N.
613 2008 782 2096 Sipibardi
793 2007 947 2087 delegauit
960 2027 1052 2090 super
1064 2008 1170 2071 altare.
1184 2008 1216 2070 S.
1231 2007 1327 2070 lilarie
1341 2025 1477 2071 mansum

282 2138 369 2180 unum
387 2117 424 2179 ad
437 2117 733 2200 frowindorssitum
749 2116 779 2178 in
796 2133 880 2178 usum
895 2115 951 2178 deo
964 2115 1158 2179 militantibus
1172 2116 1230 2179 hoe
1244 2115 1275 2177 in
1288 2115 1367 2178 loeo.
1386 2117 1477 2179 Huius

282 2225 451 2290 traditionis
461 2229 556 2288 testes
566 2224 596 2288 bi
606 2228 674 2288 sunt
683 2223 819 2287 adhibiti.
832 2225 1042 2308 Lintoltpilioa
1055 2223 1265 2310 Werinpursdi.
1280 2223 1477 2310 Sipibardus

280 2335 331 2418 qui
345 2337 376 2396 et
388 2333 525 2418 predium
537 2329 727 2419 possederat.
745 2333 938 2420 Mepo'uburt.
955 2333 1138 2418 Sipisoidua.
1155 2335 1288 2416 Hottolf.
1306 2334 1475 2398 Eleleibort.

801 2519 949 2589 CLXXX.

371 2659 410 2724 m
420 2659 479 2725 boo
492 2659 652 2723 notandum
666 2657 808 2722 fidelibus
822 2657 901 2740 qrrod
915 2657 1042 2740 quedam
1053 2663 1187 2722 matrona
1199 2659 1376 2724 Adalbeo'tb
1388 2661 1473 2724 dieta

280 2772 320 2834 de
333 2769 405 2857 prio
421 2767 574 2849 delegauit
590 2765 743 2831 dimidium
756 2785 892 2830 mansum
904 2764 942 2828 ad
950 2765 1344 2852 fritbeimiadorfsitumis
1356 2787 1475 2832 manum

284 2877 486 2943 librinbordi
506 2875 661 2941 cuiusdam
683 2873 803 2938 nobilis.
823 2895 859 2938 eo
882 2877 1042 2940 tenorent
1064 2877 1131 2960 ipse
1152 2877 1231 2940 bano
1254 2879 1320 2940 eius
1345 2877 1415 2940 uice
1438 2879 1473 2940 ad

279 2985 373 3050 altare
405 2988 437 3052 S.
460 2985 555 3049 lllarie
582 2984 784 3050 contraderet.
817 2983 903 3064 Quod
925 2983 1004 3047 idem
1028 2985 1255 3049 Wrinbordua
1283 2987 1473 3068 postmodum

279 3093 456 3177 adimpleuit
472 3095 577 3160 ascitis
593 3093 721 3159 testibus
738 3093 962 3178 suprascriptis.

793 3279 957 3352 CLXXXI.
1070 3273 1072 3278 ’

365 3422 513 3488 Nouerint
535 3423 669 3487 uniuersi
693 3421 799 3485 fideles
816 3421 945 3506 qualiter
961 3421 1078 3506 qnidam
1095 3421 1243 3485 uocabulo
1259 3423 1387 3509 Bopoto
1405 3443 1470 3486 cum

276 3552 363 3598 mauu
381 3537 410 3596 et
425 3533 581 3617 presentia
598 3531 695 3595 uxoris
713 3531 760 3593 sui
777 3527 857 3615 (sie)
874 3534 905 3592 et
923 3527 1049 3592 liliorum
1066 3529 1218 3611 delegauit
1238 3536 1355 3612 partem
1373 3531 1470 3614 predii

275 3641 311 3704 ad
330 3641 508 3728 Penninpirr
530 3641 616 3704 sitam
641 3660 731 3722 super
755 3639 850 3702 altare
875 3639 907 3700 S.
926 3637 1020 3702 Mario
1044 3639 1073 3700 in
1091 3637 1244 3721 proprium
1260 3639 1306 3702 ius
1324 3640 1468 3704 fratribus

152 3819 155 3824 ¹
275 3750 324 3814 hic
348 3751 405 3814 deo
431 3749 634 3812 militantibus.
669 3747 761 3810 Huius
785 3745 956 3810 traditionis
980 3751 1077 3809 testes
1101 3743 1132 3809 hi
1156 3751 1233 3809 sunt.
1261 3745 1406 3833 Sipiooto
1431 3751 1470 3812 de

275 3860 446 3925 borrrbeim.
480 3855 628 3924 Gerunolo
651 3857 691 3921 de
714 3855 879 3943 tulbinpr‘rs.
913 3855 1060 3942 soporare
1081 3860 1112 3918 et
1130 3855 1201 3920 Otto
1220 3857 1329 3938 frater·
1344 3857 1414 3920 eius
1431 3857 1470 3920 de

274 3965 580 4056 Sipbordialrirobin.
610 3965 691 4032 Otto.
717 3963 923 4030 Murobwart.
942 3963 1116 4028 Perinkari
1130 3963 1170 4028 de
1182 3961 1344 4050 poldarin.
1363 3965 1467 4028 Zeira.

274 4076 413 4141 Manilio.
436 4071 613 4164 Rddprebt.

662 4206 830 4277 CLXXXII
849 4213 884 4276 et
902 4205 1095 4277 CLXXXlll.

363 4349 488 4415 Nouerit
511 4351 618 4412 cuneta
642 4345 791 4410 oatholioe
818 4345 916 4430 plebis
943 4345 1073 4409 ecelesia
1100 4342 1179 4428 quod
1209 4344 1328 4426 quidam
1352 4346 1467 4411 nobilis

274 4461 428 4525 Geroldus
451 4458 569 4522 nomine
594 4455 682 4540 filius
707 4455 917 4520 &ondaobsri
940 4454 1101 4519 nobiseum
1128 4453 1250 4518 iamin
1272 4456 1466 4520 monasterio

272 4569 427 4632 conrueret.
450 4565 574 4630 tradidit
596 4563 634 4627 ad
651 4564 745 4627 altare
770 4564 803 4626 S.
822 4563 918 4627 blarie
934 4565 1050 4628 cartola
1066 4583 1154 4628 unuin
1170 4562 1208 4629 ad
1224 4563 1359 4628 stamus
1376 4564 1465 4628 situm
