3122 5096
276 421 325 491 20

325 676 328 684 .
362 595 424 660 Sed
442 601 472 660 et
488 597 537 661 alii
553 601 583 663 in
600 601 705 666 eodem
727 603 794 666 loeo
811 600 956 686 reliquam
972 606 1090 686 partem
1107 603 1242 698 eiusdem
1259 607 1349 688 augie
1365 606 1465 670 tradi-

272 701 389 770 derunt.

697 871 702 878 ·
809 841 919 913 LXVI.

359 975 507 1041 Nouerint
528 999 631 1044 omnes
657 934 768 1044 Christi
799 981 905 1046 tideles
928 981 1057 1066 qualiter
1081 982 1210 1068 quidam.
1248 983 1284 1047 N.
1312 987 1465 1052 Heraeieh

268 1083 392 1147 tradidit
409 1107 501 1168 super
517 1089 610 1151 altare
633 1089 666 1152 S.
684 1089 778 1152 llario
795 1089 949 1153 dimidium
966 1111 1098 1154 mansum
1120 1092 1155 1154 ad
1172 1093 1267 1156 Mirsa‘
1281 1096 1365 1176 prius
1382 1099 1463 1158 iura-

268 1199 367 1258 mento
393 1215 486 1278 super
509 1197 588 1260 idem
607 1199 699 1262 altare
717 1198 797 1261 dato.
822 1218 881 1282 quo
898 1220 932 1261 se
948 1203 1117 1281 compotem
1132 1199 1273 1278 tradendi
1290 1201 1462 1266 affirmauit.

138 1313 140 1317 ·
266 1319 443 1385 quocunque
467 1305 566 1368 uellet.
599 1306 691 1416 Huqus
716 1305 916 1385 delegationis
932 1328 989 1391 per
1006 1327 1108 1370 aurem
1125 1309 1252 1370 adtracti
1270 1316 1338 1373 sunt
1354 1317 1463 1376 testes.

137 1405 140 1412 ’
266 1412 423 1498 Piliprim.
437 1413 613 1502 Mepinpoz.
632 1415 798 1481 odalrich.
814 1415 985 1479 Gonthcre.
998 1412 1174 1502 Itddpreht.
1186 1419 1318 1482 Bcrtolt.
1332 1420 1463 1485 linter.

270 1518 442 1584 Waltchon.
470 1522 631 1588 Trutman.
651 1524 846 1611 ‚Repinhart
871 1521 978 1588 Licere.

799 1708 923 1779 LXVll.
1039 1734 1043 1738 ·

354 1845 463 1911 Notum
480 1849 520 1912 sit
540 1847 677 1912 omnihus
694 1845 808 1911 Christi
830 1845 970 1914 fidelihus
995 1895 1157 1912 .......
1182 1849 1311 1933 qualiter
1326 1849 1459 1935 quidam.

262 1951 298 2017 N.
318 1955 454 2020 Gerrr‘ch
465 1955 590 2018 tradidit
603 1976 695 2038 super
708 1955 803 2018 altare
817 1955 848 2018 S.
862 1954 958 2018 llarie
970 1937 1124 2019 dimidium
1136 1977 1271 2040 mansum
1289 2005 1458 2022 ........

262 2065 293 2124 et
309 2062 367 2126 duo
384 2065 541 2148 mancipia.
567 2063 603 2126 N.
626 2064 787 2128 Waldman
804 2069 835 2150 et
851 2063 995 2127 Hirnman
1008 2063 1037 2125 in
1055 2065 1208 2148 proprium
1225 2067 1399 2154 seruicium.
1426 2073 1459 2130 et

262 2169 328 2233 alia.
352 2171 434 2236 llll⁰‘.
459 2172 495 2235 N.
521 2162 663 2234 Woluolt.
687 2171 821 2235 Gnauua.
848 2171 997 2235 Mahthilt.
1023 2171 1173 2254 Hiltigart.
1198 2193 1253 2258 pro
1270 2173 1393 2238 tributo.
1420 2175 1457 2240 V.

262 2277 452 2344 denariorum
470 2281 619 2344 annuatim
635 2279 849 2362 persoluendo.

787 2412 926 2484 LXVlll.

287 2633 290 2638 Ι
349 2550 495 2615 Nouerint
507 2552 641 2650 uniuersi
653 2555 757 2639 sancte
770 2550 979 2634 eeclesiefilii.
997 2550 1127 2636 qualiter
1139 2551 1267 2635 quidam.
1283 2551 1321 2616 N.
1336 2554 1454 2619 nede-

258 2659 344 2724 ricus
359 2661 484 2724 tradidit
500 2681 593 2744 super
610 2658 704 2725 altare
721 2660 753 2724 S.
770 2660 865 2724 Marie
881 2680 1016 2724 mansum
1033 2680 1122 2723 unum
1140 2663 1169 2724 in
1182 2663 1249 2725 loeo
1262 2662 1312 2746 qui
1324 2668 1454 2727 uocatur

143 2783 145 2790 ’
258 2769 373 2833 Tema.
391 2773 422 2832 et
434 2771 622 2854 mancipium.
639 2767 676 2832 N.
689 2753 782 2850 Wigo
797 2787 864 2831 cum
876 2767 971 2831 trihus
986 2768 1050 2831 aliis
1065 2769 1094 2830 in
1107 2771 1262 2852 proprium
1276 2773 1453 2834 seruicium.

254 2875 345 2940 Huius
362 2879 532 2948 traditionis
549 2877 677 2940 adhibiti
692 2882 761 2940 sunt
776 2881 882 2939 testes.
907 2877 1095 2964 Adalprelnt.
1107 2878 1325 2942 -Marclawart
1349 2880 1451 2944 Welli-

253 2986 349 3051 halm.
375 2989 508 3075 Wipant.
530 2987 713 3078 Dictprant.
739 2985 928 3073 Adolprelat.
946 2986 1129 3060 Hcridreht.
1147 2986 1329 3050 lnuestiture
1350 2989 1453 3053 Walla‘·

253 3093 349 3159 holm.

273 3207 274 3211 ‘
796 3227 904 3297 nuru.

342 3363 471 3431 Nouerit
494 3367 675 3431 uniuersitas
697 3365 810 3428 Christi
827 3365 976 3446 sanguine
992 3364 1215 3448 redemptorum
1232 3364 1360 3449 qualiter
1376 3366 1446 3449 qui-

251 3473 327 3542 dam.
358 3474 395 3536 N.
417 3475 600 3540 Hortwe‘cacs
623 3473 861 3536 ministerialium
883 3473 1062 3559 Enpildcrti
1084 3461 1215 3537 comitio.
1247 3473 1277 3535 in
1301 3477 1447 3537 extremis

250 3584 312 3645 suis
337 3584 418 3645 misit
440 3585 564 3646 tratrem
589 3602 674 3646 suurn
698 3575 850 3646 Tutonem
874 3581 910 3643 ad
932 3581 1130 3665 propinquum
1156 3580 1307 3646 amborum
1325 3581 1448 3644 scilicet

250 3668 437 3757 (l'dolricum
464 3713 499 3756 eo
523 3691 601 3774 quod
631 3690 740 3754 nohilis
765 3689 856 3754 esset.
887 3691 1026 3774 quatinus
1054 3689 1245 3752 traditionem
1274 3689 1373 3773 predii
1397 3691 1444 3752 sui

121 3815 124 3820 '
247 3800 530 3865 Purchartiswisin
546 3801 658 3862 dictum
672 3799 830 3878 delegaret
846 3799 881 3860 ad
895 3798 988 3861 altare
1005 3797 1037 3859 S.
1050 3798 1144 3860 Marie
1158 3798 1238 3880 quod
1250 3798 1317 3879 ipse
1331 3796 1444 3860 dudum

245 3927 334 3972 sanus
347 3908 499 3990 cogitabat
514 3910 626 3972 faeere.
651 3906 742 3970 Cuius
755 3909 845 3969 etiam
862 3912 964 3969 uotum
981 3910 1106 3987 rogatus
1126 3905 1445 4014 delegatorvperduxit

246 4017 284 4080 ad
293 4017 442 4081 ellectum.
456 4017 549 4081 liuius
561 4016 731 4079 traditionis
744 4034 800 4097 per
813 4034 913 4078 aurem
923 4015 1052 4078 adtracti
1065 4019 1134 4079 sunt
1144 4019 1252 4078 testes.
1271 4015 1442 4080 Odolrich.

244 4123 400 4190 Boumelo.
424 4125 554 4191 Ortacia.

791 4255 885 4325 LXX.

335 4395 463 4460 Nouerit
479 4395 606 4458 omnium
624 4383 737 4458 Christi
754 4391 886 4456 fidelium
903 4395 962 4454 tam
979 4412 1112 4474 presens.
1125 4371 1190 4454 elas
1207 4411 1294 4476 quam
1311 4411 1446 4457 sueces-

242 4527 310 4569 sura
324 4504 488 4588 posteritas
501 4491 629 4588 qualiter
641 4503 803 4567 Dietricua
812 4502 906 4564 frater
917 4501 1097 4596 Gedehqrdi
1105 4500 1227 4565 comitis
1239 4520 1294 4583 pro
1303 4501 1446 4568 remedio

242 4615 338 4677 anime
366 4611 502 4676 eiusdem
530 4607 666 4693 germani
694 4611 741 4674 sui
769 4609 853 4672 dedit
879 4607 1016 4692 predium
1043 4609 1192 4693 quoddam
1219 4609 1454 4696 Epininisdorf
