3122 5096
279 403 329 474 48

277 599 364 643 unam
387 598 453 642 cum
478 578 665 663 appendiciis
688 578 724 642 ad
748 579 915 664 Stieadorf.
940 584 971 644 et
994 578 1175 644 beneficium
1198 601 1288 644 unum
1305 602 1351 645 ece
1367 582 1471 646 attero

275 695 370 775 parte
397 689 530 776 Maelii
555 708 610 772 pro
639 689 776 752 remedio
804 691 901 752 anime
929 708 985 754 sue
1011 693 1232 774 parentumque
1256 708 1390 754 suorum.
1423 689 1470 752 his

276 795 419 860 adhibitis
435 795 573 861 testibus.
599 797 751 863 Heinriao
767 798 806 862 de
827 796 986 862 Variolae.
1005 797 1179 862 Hortwico.

813 981 933 1053 CXCV.

365 1104 511 1168 Nouerint
532 1107 563 1168 in
585 1123 689 1170 omnes
705 1103 828 1170 Christo
851 1105 949 1168 renati
964 1104 1091 1190 qualiter
1113 1104 1229 1170 nobilia
1244 1105 1297 1168 uir
1312 1101 1470 1190 Bidotfua

272 1214 313 1277 de
329 1213 426 1300 herpo
448 1211 605 1296 delegauit
622 1233 690 1277 cum
706 1232 794 1277 manu
809 1214 924 1278 umoris
940 1236 996 1278 sae
1011 1213 1143 1279 Iticltize
1159 1213 1314 1277 dimidium
1331 1234 1468 1278 mansum

274 1321 309 1384 ad
335 1321 588 1408 dereopinturclr
616 1320 653 1384 ad
681 1320 776 1384 altare
804 1321 836 1384 S.
860 1323 955 1385 Marie
979 1343 1033 1408 pro
1055 1320 1191 1385 remedio
1217 1321 1314 1384 anime
1333 1322 1400 1406 filii
1421 1324 1471 1386 sui

274 1425 399 1516 addolfi
413 1434 630 1516 parentumque
646 1449 778 1493 suorum.
802 1429 896 1494 Huius
913 1431 959 1493 rei
974 1431 1070 1494 testes
1088 1431 1219 1495 existunt
1233 1429 1346 1494 idonei.
1370 1431 1469 1495 Elelei-

271 1537 358 1604 n'oua
374 1536 414 1602 de
429 1535 588 1622 elisacia.
605 1537 759 1604 Adalrcm
770 1539 858 1624 (ilius
874 1539 1013 1604 duddan
1029 1536 1163 1625 Ridolpt.
1180 1537 1292 1604 Aaou.
1316 1539 1468 1607 Perlcurt.

272 1646 363 1712 Pero·

801 1778 937 1850 cxuvl.

362 1897 389 1961 N
391 1901 510 1963 ouerint
525 1898 659 1962 uniuersi
677 1897 789 1964 Christi
805 1899 913 1964 fideles
926 1904 985 1966 tam
998 1906 1100 1965 nostra
1113 1906 1192 1966 etate
1204 1904 1366 1985 presentes
1379 1920 1467 1986 quam

270 2009 370 2072 futura
393 2009 571 2091 posteritate
594 2009 804 2072 succedentes.
833 2008 962 2092 qualiter
987 2009 1123 2074 dominus
1147 2011 1257 2076 Nonae
1280 2011 1379 2076 adbuc
1402 2032 1468 2076 eum

271 2115 420 2180 communi
442 2116 565 2179 fratrum
588 2135 710 2180 suorum
736 2115 862 2181 consilio
886 2119 1146 2182 commutationem
1168 2117 1242 2181 fecit
1259 2139 1328 2182 cum
1345 2117 1466 2184 domiuo

271 2225 458 2292 Gebedcrdo
475 2225 586 2290 comite
601 2227 641 2290 de
652 2226 770 2313 Piapin
782 2226 881 2310 predii
895 2226 981 2290 unius
995 2227 1198 2310 Zenoindorf
1206 2225 1328 2290 dictum.
1348 2227 1396 2290 De
1409 2226 1466 2290 hoc

267 2335 361 2418 igitur
376 2333 483 2417 predio
506 2333 630 2398 tradidit
645 2333 726 2398 idem
749 2335 955 2401 Gedelrordas
979 2356 1045 2401 cum
1063 2356 1149 2398 manu
1165 2336 1280 2401 axoris
1295 2357 1352 2400 sae
1367 2335 1465 2400 Hilti·

264 2464 379 2531 parpe.
405 2447 436 2506 et
453 2444 517 2529 filii
535 2443 588 2508 sai
607 2445 647 2508 H.
675 2442 853 2510 dominicale
870 2464 959 2508 unum
976 2448 1015 2508 et.
1041 2443 1076 2508 V.
1094 2443 1243 2507 beneficia
1260 2464 1354 2528 super
1371 2443 1465 2509 altare

270 2553 303 2616 S.
320 2551 415 2615 Marie
431 2551 462 2614 in
478 2552 633 2634 proprium
650 2551 696 2615 ius
714 2549 771 2616 deo
789 2557 820 2616 et
835 2551 987 2616 fratribus.
1005 2553 1072 2616 eius
1085 2553 1229 2632 genitrici
1246 2551 1462 2618 seruientibus.

267 2661 297 2724 in
313 2660 479 2747 presentia
494 2661 646 2725 aduocati
659 2662 762 2725 nostri
776 2661 948 2727 aldelberti.
968 2661 1031 2747 filii
1046 2661 1081 2725 L.
1098 2659 1304 2726 marchionis.
1331 2681 1388 2745 pro
1405 2683 1462 2746 quo

267 2771 356 2833 etiam
372 2769 454 2832 idem
469 2768 634 2832 aduncatus
650 2769 839 2834 Adulbmtus
855 2769 1009 2852 delegauit
1024 2771 1055 2833 in
1071 2787 1188 2834 manum
1205 2767 1343 2833 eiusdem
1364 2771 1464 2836 Gete-

266 2878 366 2944 hardi
387 2881 418 2940 et
439 2877 578 2942 eiusdem
601 2878 716 2942 acoris
737 2878 922 2965 Hittipurpe
938 2876 1117 2942 dominicale
1133 2897 1222 2941 unum
1245 2878 1282 2942 ad
1297 2880 1419 2967 Piupin
1434 2884 1464 2943 et

266 2988 324 3052 duo
349 2985 495 3052 beneficia
518 2985 555 3048 ad
577 2985 807 3073 Purpurwiain.
835 2987 966 3073 itemque
988 3007 1077 3052 unum
1102 2986 1139 3050 ad
1161 2987 1274 3053 torna.
1299 2987 1339 3050 Et
1354 2993 1388 3052 ut
1403 2989 1462 3054 hec

265 3095 455 3161 commutatio
471 3095 555 3158 iirma
568 3093 608 3157 sit
620 3100 651 3159 et
665 3094 842 3158 inconuulsa
854 3101 1012 3178 perpetuo.
1030 3100 1125 3160 testes
1139 3095 1241 3162 idonei
1256 3097 1309 3161 isti
1323 3102 1395 3161 suut
1406 3118 1462 3183 per

265 3225 367 3268 aurem
402 3203 538 3266 adtracti.
570 3201 761 3268 Adctdertus
788 3206 896 3287 frater
925 3205 1065 3269 eiusdem
1099 3206 1289 3272 Gededardi.
1323 3211 1356 3270 et
1384 3205 1461 3272 alius

263 3311 455 3378 Adctdertos
476 3311 517 3374 de
536 3307 656 3376 Picta.
684 3312 860 3399 Sipifridua
880 3313 1065 3400 eopnomiae
1084 3315 1189 3380 acciso.
1216 3315 1289 3380 Otto
1304 3316 1347 3380 de
1360 3317 1459 3382 molti.

265 3420 421 3486 Adultera
439 3421 470 3482 et
481 3422 588 3504 frater
603 3420 671 3486 eius
688 3422 807 3506 Gebotf.
825 3425 856 3484 et
871 3422 931 3506 ipsi
946 3422 1099 3490 damulti.

783 3607 934 3680 excvu.

354 3732 463 3796 Notum
480 3731 521 3794 sit
537 3730 653 3795 cunctis
666 3728 779 3794 Christi
791 3729 939 3795 fidelihus.
957 3733 1018 3794 tam
1028 3731 1220 3796 successuris
1231 3751 1319 3816 quam
1333 3754 1462 3816 presen-

263 3839 355 3905 tibus.
374 3838 505 3923 qualiter
520 3841 648 3923 quedam
666 3839 774 3903 nobilis
789 3843 922 3904 matrona
939 3839 1116 3904 Liattorda
1132 3839 1171 3903 oh
1182 3819 1350 3904 remedium
1362 3843 1461 3907 annue

261 3950 328 4014 uiri
341 3951 393 4014 aui
408 3949 553 4013 Ettiriei
567 3949 608 4014 de
624 3949 809 4035 taffinterpe
825 3947 883 4010 iam
901 3947 1045 4011 defuncti.
1073 3951 1191 4030 partem
1207 3949 1308 4030 predii
1322 3951 1461 4017 Noreia·

260 4061 341 4143 dors
351 4057 473 4123 dictum.
492 4057 622 4121 seruicia
639 4057 764 4119 fratrum
781 4056 869 4119 istius
886 4055 1004 4120 cenobii
1015 4055 1158 4120 reddidit.
1177 4060 1207 4120 et
1219 4056 1317 4122 denuo
1331 4064 1366 4124 ut
1377 4060 1462 4145 prius

259 4169 360 4232 suerat
377 4185 470 4250 super
486 4167 582 4230 altare
599 4166 630 4229 S.
649 4165 746 4230 lilarie
762 4165 924 4247 delegauit.
946 4164 1109 4228 Residuam
1123 4183 1197 4229 uero
1212 4171 1330 4249 partem
1346 4188 1461 4251 preno-

258 4276 363 4339 minati
385 4274 493 4360 predii.
518 4294 574 4359 pro
591 4269 659 4339 ΧΧ*Ι
675 4293 839 4339 marcarum
862 4274 966 4358 precio
984 4273 1214 4357 comparandam
1235 4274 1323 4340 nobis
1341 4277 1460 4342 obtulit.

258 4386 364 4469 sicque
381 4385 498 4449 demum
515 4388 670 4469 utramque
687 4384 878 4448 donationem
891 4403 984 4466 super
996 4383 1090 4446 altare
1103 4383 1135 4446 S.
1150 4383 1247 4446 ltlarie
1259 4385 1458 4450 confirmauit.

259 4494 325 4575 Que
341 4499 372 4556 ut
388 4493 567 4558 intemerata
584 4492 729 4576 deinceps
746 4494 920 4576 persistant.
938 4494 1034 4556 testes
1047 4491 1149 4556 idonei
1159 4512 1216 4576 per
1231 4513 1335 4558 aurem
1349 4494 1459 4559 adsciti

257 4602 290 4664 hi
313 4600 480 4665 adstabant.
510 4601 641 4668 Steuioe
670 4602 710 4666 de
732 4600 1009 4690 Eupilpottiadorss
1041 4599 1197 4666 Heinrich
1223 4602 1264 4665 de
1289 4603 1459 4672 tamtam.
