3076 5094
603 677 684 748 Xlll.

67 829 125 888 llll.
141 863 174 870 η
193 830 303 885 Bischol
319 831 462 902 Reginhert
482 849 531 885 von
550 833 648 887 Passau
662 833 758 888 welhet
776 832 818 887 dio
832 833 926 888 llirche
939 851 970 887 zu
991 833 1081 894 Gross‚
1104 832 1234 885 beslimmt

66 921 98 974 sic
108 921 258 986 zurPtnrre,
267 923 358 976 weiset
367 923 407 975 ihr
419 922 461 976 dis
475 923 593 976 Grennen
606 923 710 984 emund
723 923 779 993 gibt
792 923 858 978 drzu
871 923 921 978 den
934 923 1122 978 bischltllichen
1135 921 1234 975 zehent

66 1029 92 1064 au
104 1011 220 1066 Nondorl
234 1013 259 1066 in
276 1013 322 1067 der
341 1013 431 1068 Plarre
445 1014 594 1076 Sizendorf‚
614 1015 666 1067 und
679 1033 728 1069 von
741 1015 895 1086 Beigarlen;
915 1015 1036 1084 augleieh
1049 1013 1191 1082 hostatiget
1204 1029 1233 1066 er

237 1103 294 1158 dem
308 1103 388 1159 Slilte
403 1105 453 1158 alle
466 1105 589 1160 lrt'rheren
603 1105 795 1176 Schenkungen
808 1106 894 1161 seiner
907 1105 1056 1159 Vorlahrer.

577 1251 711 1313 [congrum]

143 1413 251 1478 Notum
275 1415 315 1478 sit
337 1415 473 1478 omnihus
495 1421 598 1480 sancte
614 1418 715 1482 matris
741 1416 873 1483 ecclesie
890 1417 971 1488 liliis,
996 1415 1075 1500 quod
1093 1436 1148 1498 ego
1171 1415 1235 1480 Rc·

61 1522 214 1608 ptoloms
238 1524 286 1587 dei
308 1525 405 1608 gratia
424 1525 606 1608 patauiensis
629 1527 800 1612 episcopus,
829 1528 912 1590 Anno
936 1525 1076 1590 dominici
1098 1525 1235 1590 incarna-

63 1631 144 1694 tionis
161 1631 245 1696 Milr.
265 1631 435 1698 0⁰.XL⁰.l⁰.
461 1633 625 1698 indictione
651 1635 721 1699 llll¹.
745 1637 883 1700 dedic'aui
906 1637 1065 1700 ecclesiam
1086 1631 1235 1722 praev),

64 1761 93 1803 ea
109 1741 250 1805 uidelicet
267 1744 392 1815 ratione,
405 1747 437 1807 ut
452 1743 506 1806 suh
522 1745 647 1808 termino
660 1746 831 1830 prediorum
850 1745 1010 1812 Wohardi
1024 1745 1062 1809 de
1079 1741 1234 1812 schrinde.

63 1854 171 1932 etpost
189 1870 255 1914 eum
269 1851 432 1938 primoris,
455 1851 589 1916 homines
613 1853 662 1918 siti
679 1853 726 1919 nol
743 1856 968 1938 possessionem
980 1852 1135 1924 hahentes,
1160 1851 1234 1936 bap-

63 1961 191 2034 tismum,
223 1962 422 2046 sepulturam,
456 1967 486 2026 et
513 1967 615 2027 cetera
645 1961 871 2026 christianitatis
904 1983 957 2025 sue
989 1965 1175 2026 sacramenta
1205 1961 1235 2022 in

64 2069 163 2134 eodem
188 2069 254 2134 loeo
276 2070 435 2154 accipiant.
481 2071 636 2156 Siquidem
661 2090 727 2134 cum
750 2091 808 2152 ego
834 2072 952 2155 prefate
977 2069 1160 2154 patauiensis
1183 2089 1236 2132 ec·

61 2178 147 2244 clesie
175 2181 337 2264 episcopus
360 2175 569 2268 Repindertos
595 2182 625 2244 in
651 2179 700 2245 die
725 2180 922 2244 dedicationis
947 2179 1081 2244 eiusdem
1104 2177 1237 2244 ecclesie

60 2286 190 2352 homines
209 2289 430 2374 antiquissimos
453 2291 573 2354 termini
591 2290 720 2376 predicti
738 2293 926 2354 sacramento
944 2289 1181 2361 constrinxerim
1207 2293 1238 2352 ut

58 2400 198 2462 terminos
220 2399 352 2481 legitime
379 2400 596 2464 discernerent.
644 2399 862 2464 Niohilominus
893 2401 983 2462 etiam
1014 2395 1052 2462 de
1086 2399 1156 2462 uilla
1178 2399 1236 2464 Ni·

59 2510 206 2594 aoeodorf,
232 2509 287 2570 sita
304 2508 332 2570 in
347 2487 505 2591 parrochia
521 2509 683 2592 sioindoof
698 2502 812 2572 ornnem
835 2507 978 2571 decimam
996 2506 1031 2570 ad
1051 2527 1098 2570 me
1116 2509 1236 2592 episco-

58 2619 114 2699 pali
142 2618 211 2682 inre
236 2618 435 2701 pertinentem
467 2615 572 2680 eddem
601 2615 779 2680 auctoritate
809 2616 992 2679 confirmaui.
1039 2617 1180 2680 Preterea
1209 2619 1239 2682 in

59 2725 140 2799 uilla,
165 2747 225 2812 que
249 2727 357 2789 dicitur
379 2726 533 2814 liparem,
556 2723 595 2787 de
607 2723 713 2808 predio
730 2725 880 2790 dietmari
894 2726 1039 2790 decimam
1056 2727 1150 2790 nostri
1165 2726 1240 2790 iuris
1348 2794 1351 2801 ,

57 2835 144 2899 simili
167 2837 254 2900 modo
278 2835 423 2898 dedimus.
470 2835 534 2896 llec
557 2835 668 2919 itaque,
699 2853 755 2917 que
780 2855 836 2917 ego
860 2836 888 2903 in
912 2843 1013 2918 nostro
1038 2840 1184 2918 tempore,
1209 2841 1240 2900 ct

57 2943 181 3029 reliqua,
201 2942 461 3028 queuenerahiles
475 2942 610 3028 episcopi
626 2946 837 3006 antecessores
853 2944 922 3018 mei,
941 2943 1084 3007 uidelicet
1095 2945 1238 3010 Alimon·

57 3075 122 3130 noos,
148 3031 329 3125 delatrices,
354 3055 571 3140 Rapinmarus,
595 3073 649 3135 pro
667 3054 762 3116 salute
785 3055 880 3116 anime
902 3074 956 3118 sue
980 3054 1121 3118 fratribus
1142 3057 1237 3120 Kote-

56 3165 203 3250 aoipensis
224 3165 347 3228 cenobii
367 3163 524 3232 dederunt,
549 3167 579 3224 et
592 3161 769 3226 auctoritate
786 3161 951 3244 episcopali
974 3161 1152 3226 stabiliendo
1166 3182 1239 3226 con-

56 3271 263 3347 firmauerunt,
294 3293 351 3356 ego
384 3293 500 3358 quoque
533 3291 657 3356 sperans
686 3277 799 3355 partem
834 3278 941 3336 eterne
969 3271 1164 3336 beatitudinis
1192 3293 1239 3336 me

55 3401 118 3445 curn
144 3385 192 3446 eis
216 3382 387 3446 habiturum
411 3381 550 3450 similiter
577 3379 730 3446 confirmo.
778 3380 815 3444 ct
836 3386 869 3444 ut
893 3381 980 3444 huius
1005 3381 1237 3444 confirmationis

55 3492 208 3554 sententia
231 3491 402 3568 stabiliset
433 3491 603 3554 inconvulsa
631 3493 767 3562 maneat,
803 3489 891 3570 sigilli
924 3489 1019 3552 nostri
1050 3491 1239 3572 inpressione

52 3603 214 3664 sancimus.
263 3600 384 3685 Siquis
406 3599 623 3682 igiturnostre
646 3599 832 3664 auctoritatis
856 3599 1110 3662 confirmationem
1133 3599 1239 3660 infrin-

51 3728 123 3788 gere
148 3710 380 3794 presumpserit,
405 3709 453 3772 uel
471 3709 595 3773 'uiolare
617 3709 762 3780 uoluerit,
787 3709 841 3772 suh
864 3709 1057 3772 anathematis
1080 3707 1237 3774 maledicto

52 3825 203 3903 perpetue
225 3838 302 3900 pene
324 3817 458 3902 periculo
483 3817 648 3881 damnetur.

122 3997 179 4049 Das
207 4012 299 4064 grosse
320 3995 394 4048 orale
414 3995 503 4063 Siegel
529 3997 562 4049 ist
586 3997 669 4048 leider
697 3997 777 4049 sehon
801 3995 826 4048 in
853 3997 917 4049 zwei
941 3995 1041 4048 Sliiclre
1066 3994 1237 4054 aerhrochen,

51 4103 141 4140 weron
155 4087 207 4141 der
220 4089 299 4140 obere
317 4087 390 4140 Theil
405 4087 513 4140 mittelst
533 4087 606 4140 einer
625 4087 712 4140 leinen
726 4086 891 4140 Hanlsehnur
909 4087 976 4140 noch
989 4086 1036 4139 mit
1053 4086 1100 4139 der
1112 4085 1237 4140 Urlunde

50 4180 295 4260 zusammenhangt.

123 4325 158 4398 1)
173 4325 238 4408 ¹Vpl.
259 4324 400 4387 Saalbnch‚
420 4323 556 4382 Tradition
573 4325 618 4381 Nr.
637 4323 766 4381 CXXXVI.
