3122 5096
1213 385 1263 456 49

82 563 127 650 qui
141 569 170 628 et
184 562 265 626 idem
282 561 418 646 predium
434 561 467 624 in
483 561 631 626 beneficio
647 563 760 628 habuit.
777 561 911 627 salman
923 560 1126 649 deputaberis
1139 561 1265 646 etptliuc

81 673 141 737 mur
154 671 290 737 Accwin.
318 671 417 736 Walto
433 673 474 736 de
488 671 725 736 niunelu‘rolrin.
743 667 870 754 Raidolf
878 672 917 735 de
934 669 1014 734 burlo
1031 673 1062 732 et
1073 673 1180 754 frater
1198 669 1266 734 ciue

80 779 248 844 Ellirtercc.
259 775 905 845 Wattter.Haronttt.perannaturum.
918 777 998 844 Otto.
1014 779 1120 844 llltlto.
1138 777 1267 840 lnuesti-

81 895 142 952 ture
154 887 295 952 Salmone.
305 884 434 973 undolf.
446 889 593 954 Waltltcm

597 1037 764 1108 CXCVlll.

162 1160 271 1224 Notum
295 1159 337 1222 sit
359 1160 439 1224 omui
460 1159 593 1230 ecclesie
616 1169 677 1222 tam
701 1159 838 1242 presenti
859 1177 946 1243 quam
972 1176 1160 1222 successore.
1186 1155 1266 1239 quod

81 1267 191 1350 quidam
213 1268 328 1332 nobilia
349 1269 544 1355 chinoldus
565 1269 606 1342 dc
625 1267 875 1332 Herrondr'ster‘n
896 1265 1091 1348 presentibus
1109 1265 1267 1358 frutribus

79 1378 139 1442 sura
154 1373 290 1462 Bridolfo
307 1383 339 1440 rt
355 1376 522 1460 lllrlflcero.
553 1381 585 1440 et
602 1377 680 1460 filiis
696 1377 815 1440 sororio
837 1397 893 1440 coe
907 1371 1044 1456 Baldolso
1070 1377 1101 1435 et
1116 1373 1266 1438 Hernndo

81 1485 227 1565 delegauit
243 1483 370 1570 quedam
387 1484 536 1567 mancipia
552 1485 583 1546 in
601 1503 721 1574 manum¹
736 1483 895 1548 Hartwicr‘
904 1483 944 1546 de
959 1481 1141 1570 Vltlrolrcr’m.
1159 1485 1266 1562 rogatu

79 1591 228 1655 cuiusdam
245 1593 400 1658 Bcrtoldr'.
419 1591 587 1674 deleganda
604 1613 663 1676 quo
679 1593 769 1654 idem.
787 1594 824 1656 B.
842 1591 978 1674 petisset.
1004 1588 1095 1654 Cuius
1112 1590 1266 1672 peticione

80 1700 213 1782 delegata
231 1701 354 1765 suntab
371 1699 478 1764 eodem
495 1701 658 1766 Hartmico
674 1701 709 1765 in
724 1720 841 1764 manum
862 1699 1042 1762 Trudtlteri.
1068 1698 1124 1762 sed
1148 1702 1178 1760 et
1199 1697 1266 1782 ipse

79 1810 144 1872 item
161 1809 288 1874 tradidit
309 1809 339 1872 in
362 1829 466 1872 manus
484 1810 675 1874 Herimunnr‘
689 1810 756 1874 uiri
770 1809 909 1896 imperent.
933 1805 1102 1889 deleganda
1118 1805 1156 1868 ad
1172 1805 1267 1867 altare

78 1917 107 1980 S.
127 1917 231 1981 ldarie.
255 1917 384 2002 quedam
407 1937 461 2002 pro
486 1938 590 1982 censu.
616 1917 651 1980 V.
670 1919 867 1982 denariorum.
886 1915 1012 2001 quedam
1031 1914 1266 1977 ministerialium

77 2027 147 2088 iure.
172 2025 260 2108 Quod
284 2027 411 2089 etfacit
433 2025 512 2089 idem
535 2027 758 2093 Herimanrrus.
784 2025 876 2088 Huius
900 2023 1090 2104 allegationis
1112 2026 1208 2084 testes
1225 2021 1267 2084 hii

77 2133 232 2196 adstabant
243 2139 412 2216 presentes.
428 2135 615 2222 chinlturt.
629 2138 736 2218 frater
747 2135 886 2198 ciusdem
898 2133 1095 2197 Hartmarrm'.
1119 2131 1264 2196 lllrltlrcr.

80 2241 245 2306 Trudtltcr.
267 2241 373 2308 Ara'do.
396 2242 581 2307 Starelrant.
602 2243 782 2306 lnuestiture
797 2242 983 2331 chirrlsurt.
1010 2239 1180 2304 Trultlrer.
1205 2238 1267 2300 llec

77 2357 140 2412 sunt
157 2356 258 2414 autem
274 2351 432 2432 mancipia.
456 2349 619 2414 Hartwich.
643 2355 683 2414 et.
709 2351 754 2413 11⁰.
779 2369 902 2413 sorores
920 2349 985 2412 eius
1003 2347 1110 2412 Gisila.
1136 2346 1266 2411 Wirath.

77 2457 309 2523 ministerialium
325 2459 400 2522 iure.
418 2459 444 2522 si
460 2478 533 2522 uero
550 2459 648 2543 aliqua
666 2480 702 2522 ex
717 2459 764 2523 his
781 2461 811 2522 in
828 2457 1052 2521 dissocietatem
1065 2455 1212 2538 nupserit.
1231 2453 1265 2516 V.

78 2566 214 2629 denarios
223 2567 385 2650 persoluat.
398 2567 461 2632 llec
470 2588 543 2631 uero
553 2587 687 2632 censum.
697 2567 732 2631 V.
742 2567 932 2630 denariorum
941 2565 1079 2629 reddunt.
1092 2563 1267 2646 Richpureh

77 2675 197 2738 attilius
215 2677 283 2738 eius
301 2649 470 2740 (ldalricus.
488 2675 641 2740 christina
658 2681 689 2740 et
703 2675 757 2738 lilii
774 2676 839 2738 eius
856 2668 1037 2756 Reginmdth
1060 2677 1091 2736 et
1107 2672 1209 2735 Hinila.

605 2863 740 2934 cxcix.

165 2982 205 3046 Et
220 2985 278 3046 hoo
294 2985 438 3047 memorie
455 2983 721 3048 commendandum
738 2982 963 3068 quodquidam.
986 2981 1014 3043 N
1039 2979 1214 3066 diepoldus
1229 2979 1271 3042 dc

76 3091 167 3156 Mora
190 3091 316 3156 tradidit
345 3091 382 3155 ad
408 3093 536 3155 eundem
565 3093 691 3177 tytulum
721 3092 901 3175 mancipium
930 3089 1078 3176 quoddam
1105 3079 1268 3149 Hadamdth

78 3198 223 3262 uocabulo
247 3199 416 3262 cumomni
441 3218 494 3262 sua
517 3200 695 3282 posteritate
718 3199 757 3264 ob
781 3219 913 3262 censum.
937 3199 974 3262 V.
992 3191 1194 3260 denariorum.
1212 3191 1268 3257 suh

76 3304 121 3368 his
136 3307 291 3371 testibus.r
304 3307 502 3374 Adoldcrtus.
529 3309 635 3374 Durio.
663 3303 814 3373 Clrdnrat.
840 3309 978 3394 diepolt.
996 3305 1160 3372 Hartman.

641 3476 707 3546 CC.

162 3595 276 3660 Notum
304 3597 344 3658 sit
368 3597 484 3661 cunctis
513 3597 645 3660 ecclesie
669 3596 748 3660 filiis.
775 3596 906 3680 qualiter
929 3595 1047 3680 quidam
1073 3595 1153 3660 liber
1178 3593 1268 3657 domo

75 3701 261 3792 Eupilmdtlt
283 3724 351 3768 oum
368 3725 517 3768 consensu
535 3710 565 3767 et
581 3705 731 3788 permissu
757 3705 877 3770 domini
891 3705 943 3769 arti
956 3701 1166 3790 L.(iupoldr)
1183 3723 1268 3765 mor·

75 3812 206 3876 olienis.
225 3817 342 3897 partem
358 3812 478 3896 agriad
496 3813 586 3876 miris
603 3813 757 3894 delegauit
772 3812 802 3876 in
819 3832 923 3876 manus
940 3811 1131 3876 Herimunrcr’
1143 3809 1268 3874 moditia.

75 3920 252 3984 tradendam
277 3919 315 3982 ad
337 3921 431 3984 altare
454 3919 487 3983 S.
505 3920 599 3984 Mario
623 3941 677 4005 pro
702 3921 776 3984 llll⁰r
792 3922 912 3986 marcis.
938 3921 1024 4002 Quod
1046 3925 1078 3983 et
1093 3921 1135 3983 ita
1151 3919 1271 4004 peregit

75 4027 150 4091 idem
167 4029 335 4094 Hartman.
360 4029 392 4091 ln
413 4049 471 4115 qua
486 4029 651 4093 traditione
667 4035 764 4094 testes
787 4029 828 4094 hi.
853 4050 909 4113 per
932 4049 1032 4092 aurem
1055 4032 1125 4092 sunt
1150 4025 1268 4090 adsciti.

77 4137 222 4221 Wolflrer.
245 4137 391 4202 Waltlrcr.
408 4139 600 4226 Enpilmo'tlr.
622 4139 702 4202 Otto.
720 4134 900 4203 Hartmd'tlr.
928 4139 1062 4204 Vrlr'uelr.
1088 4137 1269 4200 lnuestiture

79 4245 224 4330 lllrlslrer.
242 4241 434 4332 Enptlmttt.

634 4362 714 4431 CCl.

165 4481 284 4544 Sedet
310 4482 366 4546 hoc
388 4485 505 4550 cunctis
534 4484 575 4546 sit
598 4487 697 4547 notum
720 4484 800 4568 quod
825 4481 944 4567 quidam
971 4483 1068 4546 Arido
1093 4501 1147 4565 pro
1172 4483 1267 4544 anima

71 4591 179 4675 putria
193 4585 258 4654 'oui
284 4591 466 4656 Adallclmr‘
490 4591 613 4656 tradidit
639 4591 676 4654 ad
705 4591 798 4654 altare
827 4591 859 4655 S.
884 4590 989 4654 Mario.
1014 4590 1096 4653 llll⁰'.
1121 4588 1268 4672 mancipia

104 4698 201 4743 rentes.
219 4697 247 4742 x.
1037 4699 1053 4744 r
