3074 5094
300 395 376 468 312

296 593 388 656 super
414 569 569 634 aduocatis
590 589 677 654 quam
700 590 800 634 comes
816 571 979 636 Lintoldus
1001 571 1039 634 de
1052 571 1160 658 pleian
1181 573 1212 634 in
1229 591 1283 634 sua
1301 568 1472 656 quandoque

294 683 389 746 tenuit
421 682 587 764 potestate,
629 678 829 744 decreuerunt
859 683 1052 745 communiter
1083 680 1273 764 eligendum,
1315 678 1471 742 intercluso

293 789 436 854 uidelicet
467 788 520 851 tali
552 792 657 871 pacto,
675 789 771 880 ¹quod
803 789 840 854 de
872 789 1035 854 Aduoeatia
1073 811 1151 854 nunc
1184 809 1334 873 expressa
1366 788 1471 852 tercius

295 899 434 962 duntaxat
455 897 594 964 denarius
616 899 727 961 nostris
750 898 852 962 usibus
870 897 978 962 debeat
994 897 1147 982 applicari.
1174 898 1208 962 Si
1222 918 1298 962 uero
1317 898 1348 960 in
1366 897 1470 960 eisdem

293 1007 407 1090 prediis
432 1005 539 1090 aliquis
563 1006 677 1070 aduena
700 1026 753 1090 pro
777 1008 875 1092 aliquo
897 1008 1021 1071 crimine
1044 1008 1181 1072 detentus
1204 1007 1314 1079 fuerit,
1347 1011 1380 1070 et
1401 1007 1471 1070 idon

292 1117 372 1179 iuxta
389 1115 520 1180 debitum
542 1115 640 1200 puniri
657 1113 767 1178 debeat
783 1135 838 1198 pro
855 1115 1037 1190 commissis,
1060 1117 1186 1180 mediam
1205 1121 1326 1200 partem
1348 1115 1470 1180 omniun

292 1245 391 1288 rerum
415 1225 617 1297 detentarum,
642 1243 827 1309 quocumque
851 1225 966 1288 nomine
988 1231 1185 1298 censeantur,
1211 1230 1318 1288 nostre
1340 1225 1472 1288 similiter

292 1332 516 1398 vendicabimus
539 1332 697 1418 potestati,
715 1315 791 1416 ‘pars
815 1353 887 1398 uero
910 1333 1003 1398 altera
1025 1333 1105 1399 dicto
1127 1334 1233 1398 abbati
1259 1339 1292 1396 ct
1319 1332 1472 1398 conuentui

293 1443 383 1506 cedet
406 1443 504 1528 plene.
529 1442 615 1524 Quod
643 1441 668 1504 si
689 1441 766 1504 ultra
788 1441 835 1504 ius
857 1441 1041 1506 sufficienter
1061 1463 1234 1528 expressum
1259 1461 1318 1504 nos
1341 1441 1471 1504 homines

290 1553 420 1636 ipsorum
471 1551 630 1617 occasione
679 1549 834 1614 aduocatio
879 1552 1039 1616 molestare
1095 1551 1379 1634 attemptauerimus
1428 1553 1471 1612 aut

291 1681 434 1744 grauare,
471 1680 506 1722 cx
533 1665 602 1723 tunc
629 1661 762 1742 prefatus
785 1660 918 1724 dominus
942 1660 1042 1725 Abbas
1073 1664 1104 1723 et
1126 1665 1295 1724 conuentus
1324 1657 1471 1722 habebunt

291 1769 415 1834 liberam
445 1767 614 1832 facultatem
646 1768 819 1832 advocatum
843 1769 929 1832 aliurn
961 1747 1102 1852 eligendi.
1127 1767 1172 1830 Ad
1198 1767 1257 1831 beo
1280 1767 1469 1830 Aduocatiam

289 1879 365 1942 infra
388 1877 505 1940 tluuium
530 1878 580 1960 qui
605 1876 719 1942 Cbamb
744 1875 908 1958 vulgariter
931 1883 1116 1961 nuncupatur
1143 1881 1174 1940 et
1196 1876 1279 1939 cirea
1311 1877 1469 1947 Gbottoor,

288 2007 347 2072 que
371 1991 497 2072 spectat
512 1984 547 2048 ad
572 1985 737 2069 principem
759 1991 840 2049 terre
864 1986 1036 2070 specialiter
1053 1990 1083 2050 et
1105 1985 1242 2069 precise,
1265 1985 1355 2068 prius
1379 1985 1470 2050 dictus

291 2095 391 2159 Abbas
408 2100 439 2158 et
455 2099 620 2158 conuentus
638 2092 724 2156 nobis
740 2094 841 2158 taliter
857 2097 1086 2171 commiserunt,
1104 2095 1181 2180 quod
1199 2095 1225 2158 si
1242 2113 1257 2156 a
1275 2095 1381 2158 futuro
1398 2101 1471 2170 terro

289 2203 406 2268 domino
428 2202 457 2289 a)
486 2205 580 2288 ipsam
614 2202 777 2286 poterimus
804 2204 957 2286 optinere,
991 2209 1087 2268 ratum
1121 2202 1273 2268 habebunt
1301 2203 1422 2287 pariter
1444 2207 1470 2266 et

289 2317 461 2396 acceptum,
494 2313 657 2376 sinautem
679 2311 839 2376 bduooatia
863 2312 1009 2396 prelibata
1031 2313 1070 2376 de
1093 2312 1169 2376 bona
1192 2316 1295 2376 nostra
1321 2311 1470 2376 voluntate

288 2421 325 2486 ad
347 2427 428 2486 terre
450 2424 617 2504 prinoipem
640 2421 745 2484 redeat
766 2422 853 2506 pleno
874 2421 949 2519 iure.
976 2421 1013 2486 Vt
1029 2425 1126 2486 autem
1143 2420 1261 2502 singula
1279 2441 1341 2504 que
1358 2422 1469 2505 premi·

288 2531 398 2603 simus,
428 2531 638 2594 inuiolabiliter
665 2529 863 2594 obseruentur
890 2535 1061 2613 presentem
1090 2529 1216 2593 litteram
1245 2529 1350 2610 Sigilli
1379 2530 1470 2594 nostri

287 2617 442 2703 caractere
458 2639 592 2702 duximus
609 2638 815 2711 roborandam,
838 2639 964 2702 testibus
982 2641 1031 2723 qni
1048 2639 1170 2701 aderant
1186 2638 1370 2713 subnotatis,
1388 2639 1468 2702 vidc-

285 2747 356 2812 lioet
386 2748 503 2812 domino
532 2749 669 2813 Ortooino
699 2747 737 2810 de
759 2754 868 2812 sonato
890 2747 1046 2813 Jolrannc.
1076 2749 1238 2833 Ramunpo
1262 2747 1468 2835 (11111911-

286 2857 386 2920 uelde.
405 2857 572 2921 Cbunrado
590 2855 627 2919 de
642 2857 815 2942 Bczttinpc.
831 2858 1012 2921 Hermanno
1029 2856 1066 2919 de
1078 2857 1300 2922 Minncndocb.
1319 2857 1469 2922 Heinrico

287 2966 325 3028 de
356 2965 628 3052 Riobolbcapcrpe.
673 2965 866 3030 Wcmzbordo
897 2965 935 3028 de
965 2967 1083 3032 thtcs.
1122 2965 1264 3030 Amoldo
1296 2964 1337 3028 de
1369 2965 1469 3052 Spin.

271 3075 457 3163 ¹Wulcbuno
480 3073 567 3138 aorclr
591 3071 759 3160 (loerch)
786 3075 825 3137 de
849 3073 985 3138 Cbrcms.
1017 3075 1184 3138 Cbunrodo
1209 3074 1289 3138 dioto
1316 3073 1469 3138 Scuelder

286 3183 323 3246 de
346 3183 453 3254 Stein,
485 3188 515 3244 et
540 3183 605 3246 aliis
629 3202 715 3266 qnam
739 3183 891 3265 pluribus,
921 3204 1045 3268 quorum
1067 3183 1117 3247 hic
1134 3183 1396 3274 nominalexprimi
1412 3203 1467 3244 non

285 3297 411 3375 oportet.
435 3292 509 3354 Aeta
526 3297 593 3354 sunt
609 3291 667 3354 bec
690 3291 768 3375 apud
785 3291 922 3364 Clarenna,
941 3312 1016 3354 anno
1034 3291 1143 3355 domini
1161 3291 1200 3353 M.
1209 3289 1280 3355 00⁰.
1288 3291 1354 3354 XL.
1374 3297 1465 3356 sexto.

285 3401 334 3464 lX.
351 3399 476 3462 Kalend.
503 3398 701 3482 Septembris.

352 3526 393 3580 An
429 3527 477 3580 der
516 3524 640 3578 Urlrunde
670 3525 752 3594 hangt
788 3524 834 3579 das
864 3523 1115 3594 Conveni-Siegel,
1151 3525 1205 3577 und
1235 3523 1284 3579 das
1318 3525 1468 3583 Alberonia

285 3616 324 3672 de
356 3614 518 3684 01111119,
550 3615 687 3670 Pinccrnc
712 3613 840 3677 Austris,
871 3615 972 3669 ahnliob
997 3615 1056 3669 dem
1080 3614 1249 3684 dreieckigen
1275 3615 1464 3671 blittelsebildo

284 3707 404 3762 Leutoldi
430 3707 448 3760 1.
476 3706 508 3759 de
536 3707 684 3775 Chunring,
719 3707 746 3760 in
778 3706 940 3761 llantbaler’s
965 3701 1075 3760 Recens·
1108 3705 1171 3777 dipl.
1203 3705 1264 3758 bist.
1297 3709 1353 3760 tab.
1381 3707 1466 3761 XXIX.

287 3799 333 3852 Nr.
346 3799 389 3852 10.

353 3889 387 3961 1)
406 3887 607 3942 mutuatarius
627 3888 675 3941 dar·
687 3887 728 3941 lll.
743 3887 769 3942 d.
781 3887 812 3942 N.
832 3888 897 3959 (von
918 3887 1015 3942 scinem
1034 3888 1209 3942 Geburtsnrle
1226 3887 1263 3944 de
1275 3887 1467 3963 Ratoltednrp‘,

278 3980 346 4051 jelat
358 3977 517 4033 Rotersdort
524 4009 558 4020 —
569 3997 590 4034 s.
604 3979 734 4033 Saalbucb
746 3978 793 4034 Nr.
804 3980 825 4034 v
836 4009 869 4019 -
882 3979 1011 4050 bcnnnnt)
1022 3979 1110 4034 ilibrte
1122 3980 1188 4033 nacb
1200 3978 1288 4033 seinos
1300 3980 1468 4051 Vorgfiugere

283 4070 446 4124 Hortwicus
468 4070 632 4140 Entsetzung
652 4068 687 4122 im
708 4069 823 4124 J.124¹s
844 4069 886 4122 die
909 4069 1021 4140 beilung
1044 4069 1091 4124 des
1108 4070 1204 4125 Stiftcs
1222 4070 1308 4124 durch
1329 4071 1363 4124 11
1381 4073 1468 4134 dabre,

287 4163 434 4224 2blonate,
448 4161 466 4216 8
479 4162 567 4232 Tage,
585 4160 724 4231 resignirte
738 4159 805 4213 dann
818 4161 948 4232 irciwillig
961 4159 1013 4214 und
1027 4161 1098 4214 starb
1110 4160 1144 4214 irn
1158 4160 1267 4214 aweitcn
1280 4161 1367 4217 anre
1382 4161 1472 4216 damni

283 4251 476 4324 (rest-58),
495 4252 544 4307 wie
562 4251 595 4305 im
608 4251 806 4306 Veraciebnisse
824 4253 872 4305 der
890 4252 1029 4306 Stillsdbte
1049 4268 1089 4304 am
1103 4251 1229 4306 Scblusse
1242 4252 1292 4306 des
1307 4254 1469 4310 Saalbucbes

282 4343 372 4415 (Scite
389 4343 454 4416 101)
469 4360 554 4414 ganan
566 4345 719 4414 angegcben
731 4343 773 4398 ist

351 4433 384 4504 2)
408 4433 462 4486 Der
478 4434 660 4497 bandesturst,
678 4435 782 4504 Herzog
799 4432 947 4488 fibtedricb
961 4433 1008 4495 11,
1026 4433 1074 4487 der
1090 4433 1170 4486 letale
1189 4433 1401 4507 babenbergen,
1421 4453 1468 4490 nar

281 4525 345 4578 lrurn
362 4525 473 4586 verber,
502 4544 541 4580 am
562 4526 603 4580 15.
620 4525 679 4578 luni
698 4525 781 4586 1246,
805 4524 831 4578 in
850 4525 897 4578 der
915 4523 1041 4578 Scblaebt
1062 4541 1147 4596 gegen
1165 4523 1207 4578 die
1224 4523 1336 4596 Ungarn
1360 4527 1466 4600 siegend

281 4615 409 4686 getulium
429 4616 476 4672 der
489 4616 608 4688 buultige
622 4617 726 4686 Rogant
738 4615 835 4670 damals
848 4617 914 4670 noch
928 4616 1085 4670 unbekannt.
