3074 5094
270 397 361 469 316¹

267 575 308 638 Η.
326 573 363 637 de
379 570 609 647 bicbteostcin,
631 573 671 636 Η.
698 569 815 655 dapifer
836 571 867 634 in
884 569 1109 658 Lenpenpacb.
1136 569 1178 635 W.
1202 568 1300 633 dictus
1316 568 1450 634 Preeacl

269 681 437 746 Consiliarii
453 683 498 746 sui
515 701 571 765 per
585 680 735 744 niustriam
751 679 883 744 debitum
899 679 1074 765 obsequium
1092 683 1120 742 et
1136 677 1234 741 fidele.
1266 677 1340 742 Curn
1355 699 1449 762 super

270 791 411 864 defectu,
435 811 522 876 quem
539 792 569 853 in
585 809 678 853 auena
693 809 748 872 per
763 788 961 853 venerabilem
979 787 1116 852 abbatem
1129 786 1372 852 Chotwicensem
1390 787 1452 850 sin·

271 897 350 981 gulis
379 899 464 962 annis
487 897 572 964 vebis
597 896 740 961 soluenda
769 900 871 962 vestra
896 897 1023 962 sustinet
1047 897 1230 960 excellencia
1256 894 1451 960 consedendo

270 1007 384 1091 pariter
406 1007 551 1071 communi
576 1006 701 1071 consilio
728 1009 942 1078 tractaremus,
969 1009 1059 1089 prout
1082 1027 1098 1069 a
1121 1004 1206 1071 vobis
1228 1005 1399 1090 recepimus
1425 1006 1453 1067 in

272 1115 433 1187 mandatis,
457 1116 667 1199 possessiones
689 1116 785 1200 ipsius
807 1115 939 1180 ecclesie
963 1137 998 1180 ex
1017 1114 1139 1180 malacia
1155 1119 1322 1199 temporum
1339 1119 1371 1178 et
1388 1112 1454 1177 aliis

270 1226 394 1290 casibus
415 1225 489 1288 adeo
513 1227 677 1290 invenimus
702 1224 869 1298 desolatas,
891 1225 971 1310 quod
994 1229 1054 1310 totp
1078 1245 1188 1288 summa
1205 1225 1341 1288 eiusdem
1358 1243 1455 1287 auene

233 1357 244 1379 ⁴
275 1335 423 1398 aunuatim
440 1342 543 1419 posset
558 1334 638 1400 nullo
656 1335 741 1398 modo
758 1333 842 1399 vobis
859 1335 944 1408 solui,
961 1335 1040 1398 unde
1055 1339 1185 1400 vestram
1197 1353 1339 1416 rogamus
1352 1332 1454 1396 excel·

276 1442 404 1506 leuciam
431 1443 484 1508 sub
515 1444 636 1510 obtentu
663 1445 766 1526 gracie
795 1449 895 1508 vestre
921 1443 1050 1507 fideliter
1077 1443 1278 1515 consulentes,
1307 1448 1455 1528 quatenus

276 1551 368 1636 ipsius
393 1551 523 1618 ecclesie
552 1554 686 1618 delectus
715 1553 910 1618 adtendentes
934 1552 1014 1616 00⁰¹·
1036 1553 1150 1616 modios
1173 1552 1301 1635 singulis
1323 1555 1411 1616 annis
1426 1553 1456 1615 iu

276 1666 338 1724 toto
361 1661 524 1742 dignemini
541 1667 699 1747 acceptare
715 1661 877 1726 reddentes
896 1663 993 1726 eidem
1010 1660 1140 1726 ecclesie
1156 1663 1369 1744 possessiones
1386 1682 1456 1725 sues

277 1769 357 1834 circa
374 1770 548 1858 bimpcrcb,
572 1792 645 1857 quas
668 1771 699 1835 iu
715 1779 815 1836 vestra
832 1772 969 1836 tenuistis
987 1773 1131 1836 hactenus
1149 1775 1311 1854 potestate.
1345 1771 1455 1835 Saulus

277 1880 354 1944 euim
371 1885 402 1943 et
417 1879 566 1952 salubrius
583 1881 639 1945 deo
656 1885 734 1946 teste
752 1881 904 1946 consilium
922 1902 1012 1965 super
1028 1881 1093 1964 ipso
1109 1881 1189 1944 sacto
1206 1879 1291 1944 vobis
1309 1881 1383 1944 dare
1399 1902 1457 1944 non

275 2009 450 2074 possumus,
467 2011 531 2056 curn
550 2011 586 2056 ex
602 1991 659 2054 boc
677 2011 749 2074 erga
767 1991 859 2056 Deum
876 1996 989 2056 tanturn
1005 1991 1127 2074 possitis
1144 1989 1289 2072 consequi
1306 1991 1456 2062 meritum,

278 2118 312 2162 ac
329 2099 408 2162 side
425 2118 500 2162 novo
519 2099 731 2163 ldonasterium
748 2099 922 2164 subderetis.

349 2204 404 2260 Nur
419 2205 467 2260 Ein
485 2205 585 2260 lxleines
598 2207 687 2275 Siegel
707 2207 789 2276 bingt
806 2207 873 2260 noch
893 2223 925 2260 un
944 2205 993 2261 der
1004 2204 1227 2261 unnnsebnlicben
1238 2203 1380 2269 Urkunde;
1401 2204 1458 2260 drei

277 2295 335 2350 sind
348 2314 397 2351 ron
409 2295 460 2350 den
473 2297 592 2351 Bdndern
605 2297 763 2368 obgelallen.

839 2449 891 2521 Ll.

277 2565 352 2640 12⁶4,
371 2567 408 2626 ll.
426 2569 507 2627 lddrz.
526 2567 609 2626 Wlen.
629 2599 662 2608 —
682 2569 768 2638 lldnig
781 2569 891 2624 (litokar
910 2571 975 2626 ldsst
992 2571 1040 2624 aui
1056 2570 1098 2624 die
1112 2571 1326 2642 vorausgehende
1339 2571 1464 2626 Vorstel-'

277 2660 341 2731 lung
359 2659 447 2713 seiner
466 2660 549 2714 Rdtbe
562 2660 621 2713 dem
641 2660 816 2714 Gottesbause
834 2661 968 2730 thtweig
984 2679 1033 2717 ron
1052 2661 1112 2716 dem
1126 2661 1241 2732 jrhrlioh
1260 2682 1291 2717 zu
1313 2661 1461 2716 leistenden

280 2752 455 2805 biarchtutter
477 2751 529 2806 250
547 2752 603 2805 blut
626 2753 708 2815 nacb;
736 2751 812 2805 daldr
830 2754 956 2822 entsagen
972 2752 1025 2805 Abt
1046 2753 1184 2807 llelmwicb
1202 2752 1255 2807 und
1273 2753 1321 2806 das
1341 2752 1462 2808 Convent

339 2843 416 2897 allero
429 2842 691 2913 Eigentbumsrechte
705 2843 751 2896 eut
763 2843 805 2896 die
819 2843 1014 2912 eingexogenen
1026 2844 1201 2914 Besitzuugen
1215 2845 1257 2898 bei
1270 2845 1405 2916 llimberg.

807 2953 941 3013 [original]

370 3081 401 3144 ln
426 3081 542 3144 nomina
570 3086 674 3146 sancte
699 3085 728 3144 et
751 3081 904 3146 indiuidua
927 3081 1066 3146 trinitatis
1089 3102 1183 3146 amen.
1216 3082 1280 3147 Nos
1305 3084 1463 3150 ocaeano

282 3191 331 3254 dei
355 3190 456 3272 gracia
479 3189 541 3253 Rex
562 3189 696 3262 boemie,
724 3190 789 3254 llux
814 3191 931 3255 bustric
956 3196 987 3256 et
1009 3193 1127 3276 Styrie,
1158 3193 1294 3258 Marchio
1329 3193 1462 3258 Moravie

282 3299 417 3362 omnibus
441 3299 679 3382 inperpetuum.
712 3299 777 3362 Etsi
800 3301 949 3365 uniuersis
972 3305 1072 3366 nostre
1089 3300 1199 3364 dicioni
1215 3301 1362 3366 subiectis
1378 3307 1464 3366 tene·

282 3428 346 3472 mur
381 3406 575 3490 benignitatis
608 3409 693 3491 regie
724 3409 843 3491 gracias
872 3409 1030 3483 exhibere,
1058 3408 1208 3494 amplioris
1234 3415 1336 3474 tamen
1360 3413 1463 3494 gracie

283 3518 422 3601 insigniis
446 3517 552 3598 dignos
576 3516 716 3590 facimus,
743 3537 817 3602 quos
840 3518 900 3582 uita
922 3518 1080 3584 laudabilis
1097 3518 1262 3584 secundum
1278 3520 1462 3602 exigenciam

282 3606 453 3691 meritorum
480 3626 517 3689 ad
545 3627 711 3691 huiusmodi
738 3625 855 3708 gracias
886 3627 980 3694 efficit
1008 3629 1157 3712 aptiores,
1188 3627 1364 3712 specialiter
1394 3649 1462 3693 vero

282 3737 402 3800 utilitati
425 3741 455 3799 et
467 3735 620 3800 commodo
638 3734 832 3800 ecclesiarum
849 3737 898 3800 dei
915 3757 981 3801 cum
998 3737 1158 3820 diligencia
1175 3736 1334 3800 intendere
1349 3737 1462 3819 regalis

284 3842 469 3909 excellencie
491 3843 622 3908 officium
645 3863 662 3907 a
685 3843 741 3908 deo
763 3844 850 3909 nobis
867 3866 1044 3910 concessum
1060 3845 1154 3928 exigit
1170 3848 1200 3908 et
1215 3845 1352 3930 requirit
1387 3846 1464 3928 Qua

284 3956 423 4038 propter,
454 3973 520 4018 cum
550 3953 655 4038 predia
691 3953 902 4018 venerabilium
929 3955 1060 4019 uirorum
1088 3953 1210 4018 Abbatis
1238 3957 1270 4016 et
1298 3959 1463 4018 conuentus

286 4062 416 4126 ecclesie
429 4062 645 4126 Chotwicensis
662 4082 698 4124 ex
714 4064 874 4127 sterilitate
890 4083 1031 4128 annorum
1049 4069 1079 4128 et
1091 4061 1156 4127 aliis
1168 4060 1255 4126 malis
1269 4062 1463 4128 successibus

287 4170 420 4234 desolata
444 4171 614 4238 uideremus
637 4169 711 4234 adeo
734 4176 763 4235 et
783 4171 911 4243 inculta.
936 4172 1016 4257 quod
1037 4191 1147 4235 summa
1170 4189 1265 4235 auene
1281 4191 1341 4256 que
1356 4171 1464 4238 dicitur

286 4279 485 4355 ltlarcbliter,
508 4281 649 4346 videlicet
669 4280 877 4364 quadringenti
900 4285 931 4345 et
947 4282 1158 4367 quinquaginta
1175 4279 1271 4345 ldodii
1287 4299 1363 4366 quos
1381 4287 1465 4345 cute·

287 4409 427 4454 cessores
450 4393 545 4455 nostri
560 4390 660 4455 Duces
676 4391 796 4454 dustrie
817 4389 855 4454 de
878 4391 1119 4475 possessionibus
1135 4391 1231 4475 ipsius
1250 4391 1383 4456 ecclesie
1400 4409 1464 4454 cum

288 4480 384 4564 adbuc
405 4500 436 4563 in
456 4500 671 4585 temporalibus
696 4503 793 4585 magis
823 4499 1014 4564 habundabat
1041 4501 1105 4564 dari
1136 4500 1287 4568 annuatim
1317 4519 1372 4582 pre
1401 4501 1465 4563 iure

289 4608 450 4672 aduocacie
476 4610 678 4684 instituerant.
706 4631 764 4675 nou
790 4615 896 4694 posset
922 4609 1001 4676 solui
1027 4609 1087 4676 ullo
1110 4607 1215 4683 modo.
1251 4608 1464 4695 conpacientes
