3122 5096
1235 381 1284 450 39

85 560 680 647 prediumNorprehtiadors‘uocitatum.
694 559 723 621 in
736 578 821 620 usum
834 557 891 619 deo
902 558 931 619 in
941 554 1283 620 ioeohoemilitantibus.

84 669 181 733 Cuius
197 670 241 732 rei
258 673 356 733 testes
374 674 452 732 sunt.
477 670 650 755 Beqiuper.
668 667 831 731 Headman.
849 671 880 727 et
891 667 999 749 frater
1015 664 1083 728 eius
1098 663 1286 750 Repinhurt.

88 777 280 842 irminhart.
296 777 454 863 Piliprim.
479 776 576 841 Wllo.

643 905 738 976 CLV.

180 1048 292 1113 Notum
308 1048 348 1134 sit
363 1046 499 1111 omnihus
516 1045 680 1110 christiane
693 1044 764 1108 fidei
778 1044 954 1109 cultoribus.
971 1044 1182 1129 quodquidam
1193 1065 1288 1130 puer.

89 1160 133 1224 N.
150 1160 230 1222 Poto
253 1157 309 1244 qui
322 1154 523 1241 semetipsum
544 1156 679 1240 offerens
705 1153 829 1217 Christo
852 1155 1048 1240 repuleriter
1070 1159 1118 1217 eat
1139 1154 1292 1218 educatae

90 1271 130 1330 in
151 1266 213 1332 hoo
233 1264 437 1330 monasterio.
462 1261 601 1346 predium
630 1282 716 1326 suum
739 1261 1015 1346 Perehardiedorf
1034 1260 1124 1325 situm
1146 1260 1292 1325 fratribus

90 1377 144 1439 hie
161 1375 219 1438 deo
238 1374 363 1455 eiusque
385 1371 530 1451 genitrici
545 1367 740 1434 militantibus
758 1388 825 1431 eum
842 1368 959 1434 aneilla.
983 1369 1020 1431 N.
1038 1369 1129 1432 lmiua
1146 1375 1291 1452 perpetuo

89 1485 159 1547 iure
175 1481 302 1544 tradidit
317 1481 510 1544 seruiturum.
528 1479 619 1542 Huius
632 1480 677 1540 rei
690 1483 786 1541 testes
799 1475 901 1540 idonei
914 1478 1044 1540 fuerunt.
1062 1480 1177 1542 Peneo.
1197 1478 1291 1560 Wolf·

90 1594 160 1656 lter.
184 1589 303 1654 Srwllo.
327 1589 496 1654 Adaldero.
519 1586 684 1652 Einhart.
713 1585 844 1650 Ortwiu.
871 1587 1002 1650 Pezilie.
1026 1586 1138 1652 Ariete.
1164 1587 1292 1650 Liutolt.

93 1699 278 1764 inuestiture
295 1699 409 1762 Peneo.
426 1695 544 1760 Suelio.

645 1827 752 1900 0th

188 1969 252 2034 Sed
269 1973 300 2032 et
315 1967 374 2032 hoo
396 1967 433 2030 ad
456 1967 629 2031 memoriam
653 1965 766 2030 Christi
793 1965 926 2029 fidelium
950 1972 998 2030 est
1019 1966 1294 2031 commendandum.

95 2081 180 2166 quod
196 2077 327 2163 quidam.
356 2073 395 2135 N.
414 2075 555 2140 Gerhurt
564 2083 756 2162 procurator
767 2076 889 2140 domiui
904 2075 1087 2162 Wero'pundi
1106 2075 1189 2138 dedit
1205 2093 1297 2158 super

95 2191 195 2252 altare
221 2187 253 2250 S.
271 2185 366 2248 Narie
388 2203 510 2247 seruum
533 2184 652 2248 nomine
669 2182 842 2246 Bertoldum
865 2182 897 2244 in
913 2183 959 2246 ius
975 2188 1163 2267 perpetuum.
1182 2189 1212 2245 et
1228 2182 1296 2245 alia.

96 2298 132 2362 V.
151 2295 301 2378 mancipia
317 2311 443 2376 quorum
459 2291 518 2354 hee
536 2296 606 2354 sunt
621 2291 747 2354 nomina.
764 2290 866 2354 Ariho.
886 2289 1031 2373 Gotipolt.
1049 2290 1192 2354 Hartlieh.
1211 2291 1297 2353 Hilti·

96 2408 180 2488 gart.
193 2401 308 2465 Heiiha.
326 2419 392 2482 pro.
411 2399 446 2462 V.
465 2400 609 2463 denariis.
624 2399 717 2462 Huius
728 2401 773 2462 rei
785 2404 880 2462 testes
894 2403 964 2463 sunt
975 2398 1111 2462 adhibiti·
1127 2399 1297 2487 Dieprunt.

98 2509 261 2578 Duriueh.
285 2508 482 2596 Meuiudurt.
507 2508 625 2573 Suelio.
650 2508 813 2574 Hartman.

534 2693 646 2764 CLVII
666 2702 699 2765 et
719 2693 858 2766 cdviii.

195 2819 323 2884 Nouerit
347 2821 454 2880 cuneta
476 2815 628 2880 katholico
650 2815 750 2900 plebis
768 2817 912 2881 eeclesia.
943 2817 1021 2900 quod
1045 2817 1163 2901 quidam
1186 2817 1302 2882 nobilio

102 2928 143 2993 N.
170 2929 308 3014 Rutpoto
335 2924 461 2988 tradidit
483 2925 521 2987 ad
545 2923 640 2988 altare
663 2924 695 2988 S.
721 2923 816 2987 Marie
842 2925 978 3008 predium
1006 2945 1091 2989 suum
1114 2927 1310 3009 Eberiadorf

101 3038 194 3102 situm
211 3033 353 3119 quioquid
375 3035 404 3096 in
421 3033 527 3097 eodem
544 3033 610 3097 looo
627 3031 765 3096 habehat.
791 3031 936 3097 fratribus
953 3035 1002 3098 hic
1024 3033 1081 3097 deo
1098 3033 1302 3098 seruientibus

100 3147 133 3209 in
152 3163 238 3208 usum
255 3141 293 3206 ob
310 3141 478 3204 remedium
495 3141 592 3204 anime
608 3141 724 3205 umoris
739 3163 796 3206 oue
814 3143 926 3228 Geppe
947 3163 1007 3230 que
1023 3143 1073 3206 hio
1089 3143 1206 3225 sepulta
1225 3142 1303 3205 diem

89 3251 338 3318 -resurreotionis
361 3253 501 3331 expectat
524 3250 555 3311 in
577 3269 663 3332 paee.
695 3249 788 3314 Huius
816 3251 860 3314 rei
888 3255 984 3314 testes
1007 3250 1126 3312 fuerint.
1159 3251 1305 3315 Dietmur

100 3363 192 3448 filiae
208 3363 285 3424 eiua.
306 3360 468 3423 Germane.
485 3357 676 3445 Adulpreht.
695 3360 829 3422 Gnuuuo
848 3359 951 3422 Zeizo.
979 3359 1110 3422 Ortwin.
1139 3360 1304 3424 Herimun.

104 3469 289 3534 inuestiture
304 3467 460 3531 Dietmur.
477 3466 667 3554 Adulpreht.
688 3467 848 3531 Gemuut.

200 3575 362 3655 Delegauit
382 3575 413 3636 in
437 3573 544 3638 eodem
566 3573 635 3638 loeo
659 3573 714 3637 suh
738 3576 853 3638 eisdem
868 3575 1008 3640 testibus.
1027 3575 1062 3640 V.
1086 3577 1240 3660 mancipia·
1250 3595 1305 3660 pro

106 3707 215 3752 censu.
234 3683 267 3748 V.
286 3682 477 3748 denariorum
494 3703 601 3748 annuo.
627 3703 752 3767 quorum
769 3690 839 3748 sunt
854 3684 1010 3750 uocabula.
1037 3683 1168 3748 Salman.
1187 3683 1304 3748 Pezala.

104 3797 207 3860 imiza.
234 3797 265 3856 et
288 3791 357 3854 alia.
382 3791 426 3855 11⁰.

204 4027 313 4094 Notum
326 4027 366 4091 sit
378 4027 513 4093 omnihus
528 4029 644 4094 Christi
656 4029 795 4095 fidelihus
806 4029 887 4118 quod
900 4030 1027 4116 quedam
1041 4037 1173 4096 matrona
1187 4031 1306 4096 nobilis.

109 4140 148 4204 N.
174 4138 305 4204 Boetho.
341 4137 466 4201 tradidit
490 4139 527 4202 ad
549 4139 642 4203 attare
674 4137 705 4200 S.
731 4139 825 4203 Mario
853 4141 991 4223 predium
1018 4162 1104 4206 suum
1131 4141 1317 4226 Pellindorf

108 4249 234 4312 dietum.
258 4245 297 4308 ob
321 4245 488 4308 remedium
509 4247 606 4310 anime
627 4247 695 4310 uir-i
710 4248 761 4310 soti
778 4248 912 4315 Ottouio.
938 4252 969 4313 in
992 4250 1058 4314 loeo
1082 4249 1131 4312 ubi
1154 4251 1236 4335 prius
1253 4270 1309 4332 pro

110 4357 184 4422 uiro
209 4376 265 4419 oue
290 4353 406 4417 Albino
434 4353 570 4436 predium
599 4355 726 4418 dederat
761 4357 860 4418 situm.
898 4357 990 4420 Huius
1016 4357 1184 4421 traditionis
1212 4363 1309 4420 testes

110 4466 244 4530 suerunt.
266 4462 387 4526 Idomiat.
411 4462 565 4526 Dietmur.
596 4463 725 4527 Othlcoa.
751 4464 914 4530 Heinrich.
933 4441 1098 4530 (ddalrioh.
1123 4466 1309 4531 Guutderie.

111 4570 485 4658 Domuehurtffliliprim.
496 4571 616 4656 Gedolf.
625 4572 728 4637 Zea‘oo.
741 4573 822 4639 ouo.
830 4572 1021 4638 inuestiture.
1029 4575 1148 4640 hinniat.
1156 4574 1310 4642 Dietmor.
