3074 5094
1153 339 1224 410 281

68 508 211 581 videlicet,
234 510 312 594 quod
335 511 401 594 ipse
423 509 559 594 predium
576 510 605 572 iu
629 509 844 598 Pechaudlss),
869 513 946 596 quod
969 516 1032 576 erat
1054 513 1192 586 ecclesie,
1214 535 1230 578 a

66 619 197 682 fratribus
208 619 239 681 in
250 619 464 702 proprietatem
476 619 635 700 reciperet,
654 625 684 682 et
696 625 816 682 econtra
832 621 889 684 duo
901 620 1046 685 beneficia
1062 623 1092 684 in
1110 621 1231 688 Weaila

66 726 159 810 torst)
181 746 238 810 quc
261 728 334 791 iuris
358 729 404 792 sui
428 732 522 800 erant,
547 727 677 791 ecclesie
702 728 902 800 contraderet,
928 735 957 794 et
978 735 1149 795 contractus
1173 732 1231 794 iste

66 855 124 898 cum
144 835 269 900 testibus
295 842 325 900 et
347 818 414 900 aliis
438 835 697 920 solempnitatibus
721 837 775 902 luit
797 837 940 909 firmatus,
964 846 995 903 ut
1018 839 1230 924 perpetualiter

66 947 140 1006 esset
161 949 253 1008 ratus.
284 945 471 1010 Procedente
499 966 569 1008 vero
593 951 727 1029 tempore
752 945 834 1008 'lilius
858 967 929 1010 suus
955 949 1141 1014 Chuurodus
1162 969 1232 1012 uer·

64 1051 125 1114 bum
148 1054 258 1126 mouit,
286 1054 364 1139 quod
387 1053 538 1138 predium,
569 1055 647 1140 quod
674 1059 760 1138 pater
791 1061 1134 1129 suus-commutauerat,
1164 1058 1229 1120 sine

64 1181 203 1225 consensu
231 1184 284 1226 suo
308 1163 367 1226 sibi.
389 1162 547 1227 alienatum
572 1163 687 1226 fuisset.
717 1164 833 1226 Interea
857 1165 972 1249 qnidam
1002 1166 1162 1248 burgensis
1192 1169 1230 1230 de

66 1270 164 1336 illunc
186 1273 294 1337 Sidete
309 1293 363 1355 pro
387 1271 462 1335 Vllll
484 1273 604 1335 talentis
625 1272 796 1343 elaborauit,
814 1275 892 1358 quod
918 1276 1019 1339 eadem
1037 1275 1182 1340 beneticia
1199 1279 1229 1339 in

68 1379 240 1464 Wczilatorp‘
255 1383 284 1442 in
309 1381 382 1444 iuris
405 1383 636 1464 proprietatem,
663 1381 739 1466 quod
771 1383 859 1464 uulgo
883 1383 1086 1448 Purchrechte
1111 1387 1229 1458 dicitur,

63 1488 225 1552 asratribus
245 1491 401 1572 reciperet,
424 1494 454 1552 et
472 1489 617 1552 annuatim
637 1490 808 1572 pensionem
828 1492 950 1556 duorum
967 1491 1143 1558 talentorum
1162 1495 1230 1558 inda

60 1596 251 1679 persolueret‚
260 1601 290 1661 iu
299 1618 357 1684 quo
366 1605 518 1663 contractu
529 1599 594 1660 talis
603 1600 832 1683 estinterposita
843 1601 988 1673 condicio,
1002 1603 1079 1687 quod
1090 1603 1115 1666 si
1126 1604 1229 1669 Clun-

60 1707 149 1770 rodua
162 1707 199 1770 da
211 1709 442 1772 Rdmmcnctein
458 1706 562 1770 eadem
577 1705 721 1770 benelicia
741 1710 896 1792 impeteret,
913 1715 945 1773 et
966 1711 1230 1796 quomodocunque

60 1816 211 1894 optineret,
235 1817 314 1880 idem
330 1817 436 1881 Siboto
457 1837 561 1879 nouem
585 1815 704 1887 talenta,
730 1835 786 1898 que
808 1838 862 1900 per
887 1825 1070 1884 contractum
1094 1819 1228 1895 dederat,

58 1930 190 2006 repetere
214 1947 271 1988 uon
289 1925 422 1988 deberet.
448 1925 504 1986 Pro
523 1927 662 1987 memoria
688 1944 760 2006 ergo
778 1925 863 1988 huius
881 1928 951 1992 facti
968 1939 1150 2012 presentem·
1162 1911 1230 1994 car·¹

58 2031 139 2094 lolam
169 2035 344 2119 scripsimus
376 2040 407 2097 et
435 2033 526 2116 sigilli
555 2033 752 2115 impressione
782 2034 1026 2101 confirmauimus.
1061 2039 1151 2103 Huius
1183 2041 1229 2102 rei

57 2144 143 2204 testes
154 2148 232 2206 sunt.
247 2145 414 2208 Heinrious
429 2142 648 2206 mareschalcus
666 2143 703 2204 de
717 2143 866 2232 Zuchiup.
880 2147 1024 2212 Allectus
1036 2148 1073 2211 de
1090 2149 1227 2213 Lochlin.

60 2251 239 2318 Charmadas
270 2254 307 2316 de
341 2254 530 2336 Timendorf.
561 2252 663 2316 ontio
694 2250 731 2312 da
759 2251 956 2340 Wrtipestorf.
988 2256 1110 2341 Bupoto
1142 2262 1228 2318 nauta

58 2361 91 2423 de
119 2361 222 2426 Staio.
255 2363 413 2427 Amolduc
446 2361 483 2424 de
512 2362 544 2426 S.
570 2359 742 2446 Stephano.
774 2362 935 2426 hicmarus
970 2363 1007 2426 de
1043 2365 1228 2450 Wesendorf.

60 2467 241 2534 chunradus
273 2475 302 2532 et
324 2471 416 2532 frater
440 2469 503 2532 eius
532 2469 677 2534 Albertus
702 2469 738 2532 de
761 2467 858 2534 Mlier.
882 2471 1014 2559 Siphart
1043 2471 1081 2534 de
1103 2475 1227 2544 Budua.

58 2577 191 2666 Ebcrper
215 2578 253 2640 de
280 2579 359 2642 Vart.

123 2703 176 2771 (hu
201 2703 251 2756 der
280 2701 448 2756 hussenseita
479 2702 527 2755 der
556 2701 678 2756 Urhuude
713 2703 782 2756 steht
813 2721 861 2756 von
894 2703 1032 2758 derselbeu
1066 2707 1138 2760 Hand
1170 2708 1229 2778 [des

57 2792 162 2864 dblcsl]
185 2793 383 2865 gesebricbea.)

140 2904 299 2969 uuerdan
322 2904 484 2966 decimator
508 2901 545 2965 de
573 2903 787 2986 ruzeinestors
803 2925 927 2986 presens
951 2906 1005 2969 suit
1029 2911 1058 2970 et
1084 2892 1229 2973 Chaura-

56 3013 108 3076 duo
131 3013 247 3076 oleator
270 3033 396 3095 presens
420 3012 476 3074 suit
499 3031 514 3073 a
539 3012 686 3094 principio
710 3031 805 3094 usque
829 3013 864 3074 ad
890 3014 987 3077 linem.

137 3123 177 3185 nt
194 3121 298 3185 rustici
310 3122 360 3205 qui
372 3119 517 3183 sedebant
532 3141 622 3204 super
639 3121 714 3184 bona
725 3140 799 3204 quos
816 3123 886 3186 inde
899 3123 999 3196 diuisi,
1018 3147 1082 3188 cum
1097 3128 1228 3189 muneri-

55 3229 107 3294 bus
132 3231 291 3296 constabat
315 3251 361 3292 rue
384 3251 402 3293 x
425 3230 543 3293 talenta.

137 3341 200 3404 Fri.
227 3339 262 3426 (i.
281 3361 306 3402 e.
324 3338 440 3425 Fratri)
458 3341 621 3426 Holmoipo
639 3339 708 3403 dedi
725 3339 868 3404 talentum
885 3342 997 3426 absque
1015 3343 1070 3406 alio
1095 3364 1226 3416 munere,

55 3457 82 3512 et
101 3451 266 3516 Hartwico
290 3449 454 3512 camerario
472 3449 611 3512 talentum
637 3450 750 3534 absque
775 3449 841 3512 aliis
866 3451 1047 3516 muneribus.
1072 3452 1132 3515 Fri.
1149 3455 1228 3518 lrm·

51 3560 136 3656 frido
160 3559 200 3621 de
224 3559 337 3623 Stoice
359 3558 410 3619 LX
434 3558 583 3620 denarios.
608 3559 770 3622 Dietmcro
794 3558 831 3622 de
860 3559 1040 3648 llhaendors
1062 3563 1113 3624 LX
1137 3563 1228 3626 dena·
1315 3543 1317 3549 Ι

52 3668 120 3730 rios.
145 3669 185 3730 Et
209 3671 334 3752 quatuor
351 3666 422 3728 dedi
439 3665 592 3728 aduocato.
610 3665 648 3727 Et
664 3667 795 3750 quicquit
811 3686 867 3746 ego
885 3666 917 3752 (l
935 3666 1025 3753 ergo)
1044 3671 1227 3754 exspendidi.

119 3774 158 3826 hu
189 3774 237 3827 der
262 3773 385 3827 Urhunde
412 3775 494 3842 hingt
523 3773 569 3826 das
595 3773 717 3826 alteste
738 3773 853 3843 siegel
879 3775 950 3828 eines
977 3777 1094 3848 hiesigen
1118 3778 1229 3832 Abies.

51 3863 83 3916 Es
96 3864 130 3917 ist
149 3865 176 3917 in
196 3843 286 3918 dicler
303 3862 675 3932 Wachsmasseabgedruclrt,
695 3863 828 3934 spitzoval‚
848 3866 933 3918 anon
948 3867 1024 3927 breit,
1042 3868 1126 3921 3Zoll
1146 3869 1227 3932 hoch3

54 3954 93 4007 die
106 3959 200 4009 untere
216 3955 302 4009 Halste
322 3955 357 4007 ist
369 3973 437 4008 uwar
456 3955 645 4024 abgebrochen,
666 3953 733 4008 doch
753 3954 786 4008 ist
805 3955 846 4008 die
860 3956 977 4010 sitzcnde
990 3957 1070 4026 Figur
1089 3959 1135 4012 des
1148 3960 1229 4014 Ables

51 4045 193 4115 (Wezelin,
205 4033 400 4118 raba-1231)
420 4047 487 4098 noch
500 4045 615 4098 deutlich
628 4047 758 4110 kennbar3
779 4064 807 4099 er
820 4048 874 4100 halt
888 4050 913 4100 in
928 4049 975 4100 der
990 4050 1075 4102 linken
1088 4050 1161 4103 lland
1180 4051 1230 4104 deu

52 4137 237 4199 Pastoralstab,
251 4137 277 4189 in
296 4137 343 4190 der
361 4139 471 4190 rechten
490 4136 531 4190 cin
550 4135 647 4190 offenes
675 4136 756 4190 Buch.
777 4138 825 4192 Dic
855 4139 995 4194 Umschrilt
1020 4141 1148 4195 zwiscbea
1167 4142 1230 4196 zwei

56 4228 310 4283 cintacben'Lini'en:
332 4229 353 4298 †
373 4229 479 4283 ABBAS
499 4229 549 4282 llll.
571 4226 758 4284 CHOTWlCH.

121 4321 159 4392 l)
177 4319 276 4390 Ortolf
285 4321 319 4375 dc
331 4320 543 4374 Rammcmtur'u
562 4319 692 4372 erscheint
710 4321 865 4374 urhundlich
884 4321 1070 4378 lter-1198.
1085 4323 1145 4377 Scin
1158 4327 1228 4380 Sohn

54 4410 189 4464 chuonrad
216 4411 403 4464 arao-1230.
432 4399 596 4481 (Hanthaler,
615 4409 725 4462 Recens.
754 4411 817 4482 dipl,
837 4412 938 4480 geneal.
968 4412 1001 4464 ll.
1021 4414 1170 4469 208—209.
1194 4447 1226 4454 —

54 4501 142 4572 Vergl.
161 4502 344 4571 babenberger
358 4503 499 4570 Regesten,
523 4501 873 4574 Personae-Verzeichuiss.)

125 4594 158 4665 2)
178 4594 257 4648 Siehc
277 4593 406 4647 Saalbuch
425 4591 468 4645 Nr.
485 4593 514 4645 ll.
533 4589 709 4646 Pecbautilin.
