3122 5096
273 421 323 495 56

273 600 392 665 adsciti.
420 600 587 664 Ethiriouo
609 603 640 662 et
657 601 763 683 frater
784 599 852 662 eiua
878 598 1022 683 Wotlher.
1055 599 1210 663 Horimon
1232 601 1262 661 et
1275 599 1386 682 frater
1401 596 1466 660 eiua

271 709 459 797 Roqinhort.
477 708 637 794 Bepinper
648 708 735 792 fitius
749 707 931 795 Reqinperi.
948 707 1105 794 Piliprim.

778 890 955 963 cumn.

361 1015 468 1078 Notum
494 1014 533 1076 sit
555 1014 671 1078 cunctis
696 1012 829 1078 ecclesie
854 1013 968 1076 Christi
991 1011 1140 1076 fidelihus.
1170 1013 1249 1098 quod
1281 1011 1465 1075 uenerabilis

271 1124 481 1211 Ropinmoeos
500 1123 701 1208 putauienoio
724 1122 857 1187 ecclesie
878 1122 1048 1210 epiecopus
1071 1141 1205 1185 mansum
1221 1141 1312 1184 unum
1331 1119 1371 1183 de
1386 1121 1467 1184 cillo

270 1231 429 1297 Leororc'n
445 1251 512 1295 cum
528 1231 616 1292 horto
633 1230 684 1314 qui
701 1230 941 1296 Chonihoototin
957 1231 1033 1294 situs
1050 1235 1098 1294 ost
1112 1229 1322 1315 regiminaque
1340 1227 1379 1292 ad
1391 1248 1466 1292 eun-

271 1343 338 1404 dem
360 1340 540 1424 pertinentia
563 1359 655 1424 super
676 1339 770 1402 altare
792 1338 825 1402 S.
843 1337 937 1402 Maria
953 1337 1115 1420 delegauit.
1142 1343 1173 1402 et
1189 1338 1278 1401 alium
1295 1355 1465 1399 mansuma

270 1447 412 1513 tratribus
429 1447 466 1510 ad
483 1447 741 1535 Wolfpeiozinpin
757 1449 844 1509 situm
860 1450 962 1509 mutuo
974 1447 1101 1530 recepit.
1119 1445 1211 1508 Huius
1225 1445 1467 1509 commutationis

270 1561 365 1620 testes
390 1555 422 1616 hi
447 1576 502 1639 per
525 1576 625 1619 aurem
648 1560 718 1618 sunt
741 1554 878 1617 adtracti.
913 1555 1119 1620 Godehorduo
1140 1555 1181 1619 de
1200 1552 1464 1641 Adolyeriobooh.

275 1667 356 1731 Otto.
373 1665 542 1752 Reyinper.
562 1663 752 1728 Werinhort.
769 1664 909 1728 Pornolt.
926 1663 1134 1728 Morohooort.
1206 1661 1207 1664 ’

772 1847 966 1919 ccxxviii.

362 1971 488 2035 Nouerit
502 1971 683 2035 uniuersitas
701 1969 813 2033 Christi
830 1969 972 2034 fidelium.
991 1969 1121 2055 qualiter
1136 1969 1183 2033 uir
1198 1969 1314 2034 coditio
1329 1969 1466 2034 Hee'din·

271 2082 360 2146 mmor
382 2084 489 2162 rogatu
511 2080 684 2146 Liutlrordo
700 2079 856 2145 comittere
877 2077 1033 2160 delegauit
1054 2078 1091 2141 ad
1113 2076 1209 2141 altare
1231 2076 1264 2140 S.
1283 2077 1383 2141 Mario
1408 2076 1466 2141 duo

273 2191 420 2274 mancipia
441 2187 654 2254 Perinhardum
676 2193 708 2251 et
727 2187 921 2252 tibertindam
942 2207 998 2270 pro
1022 2206 1125 2250 ceusu.
1149 2185 1185 2250 V.
1208 2186 1404 2250 denariorum
1428 2186 1466 2249 oh

272 2298 436 2361 remedium
453 2297 551 2360 animo
573 2317 629 2359 sue
645 2303 862 2380 parentumque
885 2316 1015 2360 suorum.
1041 2295 1134 2359 Huius
1150 2293 1322 2358 traditionis
1339 2293 1467 2358 adhibiti

274 2409 343 2470 sunt
357 2411 463 2470 testes.
488 2405 615 2470 Hoholt.
632 2405 837 2470 Morchroart.
854 2405 993 2491 Liupolt.
1011 2404 1170 2470 Piltucoh.

777 2581 950 2662 'ccxxiii

364 2713 526 2796 Delegauit
546 2713 629 2778 idom
644 2713 851 2778 Heidinricuo
871 2713 909 2776 ad
926 2712 1053 2776 eundem
1078 2713 1203 2794 tytulum
1219 2709 1419 2774 Adatheidam
1437 2718 1469 2775 et

274 2823 362 2885 titiam
379 2823 445 2886 eius
462 2821 618 2885 Wiradam
634 2841 689 2904 pro
705 2841 811 2884 censu.
828 2822 861 2885 V.
879 2821 1079 2886 denariorum.
1105 2821 1197 2884 Huius
1214 2821 1259 2883 rei
1274 2824 1370 2882 testes
1387 2825 1468 2882 sunt

274 2931 481 2996 Morohroort.
502 2929 659 2994 Vrobreht.
677 2929 833 2994 Dietrich.
852 2930 1013 2994 Christano.

794 3115 944 3187 CCXXX.

363 3237 436 3300 item
449 3237 507 3300 alio
518 3242 655 3321 tempore
672 3239 755 3302 idom
767 3237 973 3302 Heidinro‘ouo
990 3239 1072 3301 iussu
1084 3242 1115 3299 et
1127 3236 1278 3320 peticione
1291 3235 1469 3319 supradicte

273 3347 398 3412 domino
413 3345 587 3411 Liuthcrde
602 3345 727 3409 tradidit
743 3345 781 3410 ad
797 3345 890 3408 altare
907 3346 939 3408 S.
957 3344 1052 3409 Marie
1069 3345 1127 3409 duo
1144 3344 1294 3427 mancipia
1310 3342 1472 3408 Wiradam

273 3461 304 3520 et
319 3454 512 3518 Adatheidam
535 3473 602 3516 cum
625 3451 695 3516 titiis
717 3455 747 3515 in
770 3455 924 3538 proprium
947 3453 1107 3517 seruicium
1133 3453 1171 3516 ad
1187 3451 1281 3514 altare
1306 3451 1340 3514 S.
1359 3450 1469 3515 Marie.

272 3585 328 3648 pro
345 3563 480 3627 remedio
497 3563 595 3625 anime
609 3562 704 3646 patris
721 3566 753 3625 et
768 3563 871 3626 matria
894 3581 948 3626 sue
965 3567 1181 3646 parentumque
1205 3579 1336 3624 suorum.
1371 3559 1471 3623 Huius

273 3673 319 3736 rei
345 3678 440 3736 testes
473 3671 599 3736 adhibiti
625 3674 704 3733 sunt.
745 3671 952 3735 Morohroort.
987 3671 1142 3736 Orthroin.
1174 3667 1332 3734 Pilluuoh.
1365 3669 1469 3732 Heze't.

272 3782 456 3846 Perinkari.
481 3780 608 3846 Hoholt.
633 3779 816 3842 inuestiture
838 3779 966 3843 Hohott.

786 3947 952 4018 CCXXXI.

364 4069 471 4134 Notum
485 4070 526 4131 sit
538 4067 674 4132 omnihus
689 4066 801 4131 Christi
814 4068 954 4134 fidelihus
966 4067 1174 4153 quodquidam
1186 4063 1336 4132 Perondth
1346 4067 1475 4152 etfiliuo

274 4182 343 4244 eico
358 4180 439 4244 Hira
458 4177 647 4240 tradiderunt
668 4177 816 4260 quoddam
838 4177 972 4261 predium
997 4177 1178 4263 potestatiua
1201 4195 1290 4239 manu
1314 4173 1352 4239 ad
1373 4174 1475 4238 attare

275 4289 309 4353 S.
322 4288 426 4351 Marie.
444 4286 536 4349 Hnius
548 4287 594 4348 rei
606 4285 656 4348 isti
670 4291 740 4350 sunt
750 4289 856 4349 testes.
869 4289 950 4351 Huc.
965 4263 1131 4352 ddolrioh.
1146 4284 1301 4368 Wichfrit.
1317 4283 1476 4350 Wohort.

273 4397 459 4463 Adalbreht.
492 4397 582 4462 Woo.
612 4396 771 4462 Gemnch.
793 4397 987 4483 Etlinpreht.
1013 4397 1134 4462 Wirird.
1153 4395 1233 4481 quod
1252 4393 1390 4457 ohsotute
1409 4395 1479 4458 sine

274 4508 333 4571 uilo
361 4506 574 4592 impedimento
601 4509 631 4568 in
659 4525 761 4568 manus
787 4501 912 4592 addolfi
936 4506 1166 4569 constituerunt.
1196 4510 1227 4567 et
1243 4503 1403 4569 ahhooitti
1423 4525 1480 4589 pro

276 4623 376 4680 mutuo
394 4615 487 4679 dedit.
