3074 5094
304 387 380 460 300

301 565 510 632 subdiaconus.
565 567 751 633 cuonrado-o
774 565 812 630 de
829 568 1081 656 potamonsdorf,
1110 574 1141 634 et
1166 570 1396 637 Marelrwordoo
1421 571 1452 637 do

302 675 500 742 liolutemoaot
528 676 656 761 plebani.
708 678 780 742 orto
813 675 851 740 de
887 678 1093 743 Ottenotec‘n..
1121 681 1297 766 Liupolduc
1327 682 1451 764 quondam

300 785 453 867 pincerna.
483 785 689 852 Percotelduo
711 786 857 852 tesoheto.
881 785 1021 870 Sisro'dos
1038 787 1075 850 de
1091 787 1284 874 Sorooedorf.
1307 789 1451 855 Martinus.

300 894 472 960 Lndwicns.
495 897 611 962 Vlro'eoo
625 895 745 979 hospes.
766 895 951 960 Chenrodco
968 896 1005 959 de
1019 898 1244 984 weitpinsdorf.
1253 898 1291 962 Et
1299 897 1348 961 alii
1358 899 1452 982 plures.

387 1003 1453 1072 Aetasuntheetemne.Annoaninoarnationeuomininrrccrxxxnr

299 1113 360 1176 VH.
376 1113 445 1178 idus
463 1114 555 1178 Junii.

370 1221 411 1272 An
436 1220 483 1274 der
508 1220 633 1275 Urkunde
656 1220 691 1274 ist
716 1219 763 1273 das
787 1219 961 1288 Reitersiegel
986 1222 1088 1292 Herzog
1112 1221 1267 1277 Friedrich's
1290 1224 1321 1276 Π.
1345 1224 1388 1276 rnit
1407 1221 1454 1275 den

298 1307 508 1380 Bindewuppen3
540 1309 593 1363 und
619 1309 659 1364 ein
684 1311 783 1364 kleines
810 1311 897 1365 ovelee
920 1309 1009 1379 Siegei
1034 1310 1124 1366 Vlrc'cc'
1147 1312 1246 1367 Scribe
1268 1313 1402 1382 betestigt3
1418 1311 1454 1364 des

299 1402 453 1471 angezeigte
473 1401 582 1456 dritte
603 1402 692 1471 Siegel
712 1402 758 1456 des
774 1401 904 1456 Passauer
921 1401 1064 1457 Domherrn
1077 1404 1196 1476 Leupold
1214 1404 1286 1459 ward
1303 1405 1374 1459 nieht
1389 1404 1454 1458 daran

298 1492 424 1562 gehfingt.

373 1581 405 1653 1)
426 1570 497 1636 Uber
516 1581 559 1636 die
579 1582 677 1637 damnis
695 1583 801 1638 iibliche
820 1583 964 1638 Aufnahme
982 1583 1165 1654 aorzuglicher
1189 1585 1295 1640 Gonner
1314 1586 1365 1640 und
1381 1584 1456 1639 Wohl·

299 1673 387 1726 tuerer
415 1673 461 1727 des
492 1675 610 1728 Klosters
638 1675 663 1728 in
694 1675 736 1728 die
765 1675 960 1744 geistlicho
990 1676 1252 1730 Brudersehaft
1271 1675 1466 1749 (participatio

298 1764 432 1818 bonorum
445 1779 575 1838 operum
598 1767 753 1821 communio
768 1766 892 1822 omnium
905 1767 1082 1837 orationum)
1105 1769 1157 1821 und
1176 1769 1345 1838 dergieiohen
1362 1767 1453 1821 ironne

298 1855 426 1926 Vertrtige
454 1858 618 1929 iiberhaupt,
636 1858 709 1913 siehe
727 1857 899 1930 Xeiblingor's
924 1859 1072 1913 lehrreiehe
1090 1861 1289 1930 Bemerkungen
1307 1860 1334 1913 in
1352 1859 1396 1912 der
1412 1857 1454 1912 Ge·

298 1945 416 2001 schiehto
434 1947 517 2000 Mollis
536 1948 556 2000 1.
575 1947 629 2002 292
648 1948 676 2000 ff.

819 2135 955 2208 XXXIV.

297 2291 372 2350 1202.
390 2292 473 2352 Wion.
500 2292 539 2350 Im
553 2291 801 2352 schottonklostor.
821 2326 854 2334 —
875 2295 938 2349 Eine
958 2297 1068 2366 gewisse
1086 2297 1240 2352 Reiohardis
1265 2297 1376 2352 sohenlrt
1397 2299 1456 2352 ihren

474 2385 645 2456 weingarten
663 2385 705 2439 hei
724 2385 857 2440 Chorhern
876 2385 934 2440 dem
953 2386 1129 2444 Gotteshause
1149 2387 1290 2458 Gottweig.

819 2524 954 2586 [origne]

386 2685 752 2750 Patefiatuoiuersishanc
761 2689 898 2771 paginam
912 2689 1103 2774 inspecturis,
1119 2689 1197 2773 quod
1209 2689 1273 2772 Ego
1283 2686 1456 2754 Reicloordts

297 2793 413 2858 vineam
436 2795 466 2858 in
486 2795 689 2860 cataractam
701 2793 729 2878 ¹)
755 2797 786 2859 in
804 2797 927 2861 salutem
951 2803 981 2861 et
1001 2798 1168 2862 remedium
1189 2803 1248 2860 tarn
1267 2799 1363 2883 patris
1385 2815 1457 2878 quan

299 2903 399 2965 matris
426 2907 456 2966 et
480 2905 606 2968 omnium
630 2910 786 2989 parentum
814 2894 946 2970 meorum
973 2913 1003 2970 et
1029 2927 1134 2979 meam,
1165 2905 1261 2969 adhuc
1283 2926 1331 2970 rue
1353 2905 1458 2968 uiuente

296 3011 434 3075 Ecclesia
462 3013 573 3077 contuli
594 3013 818 3087 Chotuuicensi,
843 3015 1033 3098 presentibus
1057 3015 1210 3079 auunculis
1231 3017 1306 3078 meis
1333 3013 1458 3080 Honrioo

299 3127 329 3182 et
345 3123 492 3186 Hartman
514 3125 545 3186 et
565 3122 687 3187 Notario
706 3125 821 3188 Domini
837 3125 929 3189 Dueis
954 3126 1060 3190 domno
1080 3126 1180 3192 Vlro‘co
1198 3126 1235 3189 de
1255 3121 1457 3204 Winleiootors,

297 3230 469 3296 Bertlooldo
496 3233 677 3309 funccione,
712 3233 811 3299 Vloa'oo
838 3234 972 3318 hospite,
999 3235 1164 3300 Choarado
1194 3235 1231 3298 de
1260 3231 1458 3314 Weilcenstors,

300 3342 443 3429 Gerenpo
470 3343 607 3406 institere
632 3343 723 3406 etad
751 3347 937 3428 presenciam
962 3347 1058 3410 tocius
1081 3351 1244 3409 conuentus
1268 3350 1415 3408 scotorum
1434 3343 1457 3403 in

300 3451 412 3516 Wnoa
435 3460 465 3514 et
480 3452 623 3535 precipue
641 3453 816 3529 Willoolmo,
840 3455 967 3527 Jocabor,
993 3462 1023 3518 et
1039 3455 1104 3517 aliis
1121 3475 1206 3540 quarn
1223 3451 1370 3536 pluribus.
1397 3453 1457 3514 Aeta

297 3565 366 3623 sunt
392 3559 449 3623 heo
480 3560 509 3621 in
537 3561 715 3624 Monasterio
743 3567 847 3626 sancte
875 3563 969 3626 Mario
1001 3568 1149 3627 scotorum
1176 3564 1205 3625 in
1232 3563 1356 3627 Wonoo.
1389 3561 1458 3622 Anno

300 3669 447 3732 dominice
476 3670 692 3734 incarnationis
715 3671 767 3734 M.⁰
782 3670 839 3735 CC.
857 3673 944 3736 XXX.
963 3673 996 3736 Il.
1022 3673 1061 3736 Ut
1077 3679 1176 3736 autern
1197 3673 1255 3736 hec
1275 3677 1342 3736 rata
1357 3688 1459 3755 perna·

300 3783 389 3841 neunt
412 3778 511 3860 sigillo
536 3780 656 3863 capituli
684 3787 834 3845 scotorum
863 3787 893 3844 et
915 3781 1013 3845 domni
1038 3783 1134 3848 Watoi
1162 3781 1278 3844 Notarii
1303 3784 1458 3866 presentem

299 3887 432 3951 cedulam
447 3887 588 3952 iussimus
604 3888 747 3954 roborari.

370 3996 409 4049 An
432 3996 480 4050 der
497 3996 620 4051 Urkunde
646 3996 727 4068 hringt
744 4014 792 4050 nur
811 3997 857 4052 das
876 4001 923 4067 gut
942 3999 1076 4052 erhaltene
1096 3999 1169 4052 orale
1188 3997 1347 4052 SlGlLLUM
1364 3989 1457 4051 nnnc!

298 4085 428 4150 sennen
448 4086 494 4140 dos
511 4087 601 4156 Siegel
620 4088 666 4141 des
687 4088 828 4142 Schottner
845 4087 961 4160 Capitels
979 4090 1053 4142 fehlt.

372 4179 400 4246 1)
419 4176 471 4232 Das
487 4177 585 4250 jetzige
604 4179 742 4234 Psurrdori
759 4179 892 4235 Chorhern
910 4180 945 4235 im
963 4179 1153 4241 Tullnerfeldo,
1172 4180 1203 4236 0.
1222 4180 1263 4235 W.
1282 4180 1325 4234 W.
