3074 5094
1024 383 1031 400 ⁸
1149 371 1225 444 305

59 541 232 605 lberbrachte,
245 544 339 597 dessen
352 545 496 598 beraubten
508 543 561 596 und
573 543 784 598 misshnndelten.
801 529 848 597 bn
859 545 967 598 Richter
979 546 1095 598 mussten
1106 545 1227 600 desshalb

60 632 110 684 cino
131 633 222 687 aweite
240 633 433 706 Aufforderung
455 653 487 688 an
509 636 560 689 den
582 635 635 688 Abt
654 635 769 705 ergehen
789 636 884 697 lasscn,
910 653 950 689 am
967 637 992 690 4.
1011 635 1081 698 duni,
1107 637 1228 707 ldontags

58 723 117 776 nach
135 723 181 776 der
193 724 394 794 Pfingstwoche‚
414 725 440 778 in
457 725 505 780 der
525 725 632 798 Capelle
650 725 697 779 dos
716 727 741 780 h.
755 725 862 794 Egidius
882 744 912 779 zu
930 726 1113 782 Vdclxlabruclx
1128 725 1228 797 (einem

57 813 190 868 Sttdtchen
210 833 242 870 an
261 817 308 870 der
320 817 481 872 Poststrasse
499 835 549 872 von
562 816 624 869 Lina
639 817 705 870 nach
719 815 863 888 salzburg)
877 833 922 870 vor
931 815 1009 870 ihnen
1018 836 1051 870 zu
1063 819 1227 874 crschoinen.

571 1023 706 1094 XXXIX.

54 1177 120 1237 12³5.
134 1209 168 1218 -
181 1177 235 1232 Abt
245 1179 364 1234 Heinrich
375 1196 425 1234 rou
436 1179 568 1250 thtweig
576 1179 641 1234 wird
652 1179 735 1234 durch
745 1178 788 1232 dio
803 1178 968 1251 papstlicben
977 1178 1228 1250 Berollmtcbtigten

54 1287 104 1322 vom
116 1270 323 1333 liircheubanne,
346 1269 397 1324 den
414 1271 456 1326 die
479 1271 603 1324 lrdheren
626 1271 735 1325 Richter
753 1271 801 1324 auf
812 1270 915 1324 Betrieb
929 1269 1016 1324 selues
1029 1269 1149 1338 Gegners
1161 1272 1228 1324 saber

53 1359 91 1414 ibn
103 1361 278 1431 ungerecbter
293 1361 383 1416 Weise
397 1363 533 1430 verhttngt,
547 1362 755 1432 losgesprochen
767 1361 820 1414 und
838 1362 872 1416 im
884 1361 1064 1416 Besitzrcchte
1083 1360 1130 1413 der
1145 1378 1229 1432 ange·

442 1439 581 1506 strittenen
595 1452 679 1505 Griter
696 1452 832 1521 bestttigt.

569 1552 703 1613 [Original]

133 1682 312 1746 Reverendo
343 1684 373 1746 in
397 1680 518 1746 Christo
554 1683 632 1768 patri
661 1685 692 1745 et
719 1681 827 1745 domno
854 1681 895 1746 Η.
927 1679 1092 1744 venerabili
1119 1681 1228 1746 Abbati

50 1791 276 1862 Chotewicensi.
314 1791 354 1858 Vl.
379 1791 480 1854 Abbas
511 1791 548 1855 de
573 1792 727 1863 Gaersten‚
760 1792 798 1856 B.
821 1791 992 1872 prepositus
1020 1789 1059 1852 de
1085 1789 1225 1879 domos.

49 1900 185 1973 Floriani,
205 1901 247 1966 W.
265 1901 396 1964 decanus
413 1900 450 1963 de
467 1902 577 1974 laeso,
594 1901 711 1964 iudices
728 1899 870 1980 delegati,
888 1898 1013 1961 denotas
1030 1899 1179 1962 orationes
1196 1905 1227 1964 et

49 2009 231 2095 obsequium.
250 2009 326 2092 Quia
343 2009 442 2072 dbbas
467 2009 606 2074 llotensis
621 2011 652 2072 in
669 2008 866 2094 preludicium
894 2011 1027 2072 restrum
1054 2009 1227 2074 missionem

48 2119 75 2183 in
100 2117 498 2204 possessionembonorum
520 2119 683 2204 dequibus
711 2101 796 2182 uobis
824 2117 1057 2182 controversiam
1080 2117 1228 2193 munitet

48 2229 224 2293 sententiam
240 2228 555 2292 excommunicacionis
573 2233 677 2292 contra
689 2247 744 2292 uos
760 2230 985 2310 procurauerat
998 2246 1053 2290 nos
1068 2226 1229 2309 diligenter

47 2338 224 2402 auctoritate
245 2337 331 2400 nobis
354 2319 486 2401 iniuncta
511 2355 527 2398 a
544 2336 619 2400 sede
636 2336 810 2420 apostolica.
833 2335 961 2400 iudicum
979 2334 1015 2399 ab
1032 2355 1068 2399 eo
1085 2338 1228 2420 impetra·

47 2453 138 2510 torum
163 2466 344 2531 processum
371 2446 614 2520 examinauimus,
637 2431 667 2510 et
681 2449 777 2509 testes
794 2448 913 2508 vestros
930 2465 1022 2529 super
1037 2447 1181 2530 periculis
1197 2449 1228 2512 iu

47 2556 192 2620 veniendo
211 2555 420 2644 Salsporpom
437 2559 466 2618 et
488 2553 643 2620 redeundo
660 2554 776 2618 domum
793 2553 967 2627 audivimus,
993 2557 1024 2619 et
1049 2575 1150 2620 eorum
1173 2556 1228 2621 ad-

48 2665 256 2730 testationibus
268 2661 437 2749 publicatis,
454 2666 595 2751 quicquid
611 2671 680 2750 post
695 2664 925 2749 appellationem
944 2663 1079 2747 legitime
1095 2685 1131 2728 ex
1143 2669 1228 2749 parte

47 2780 143 2838 vestra
167 2774 377 2856 interpositam
393 2774 605 2859 adtemptatum
621 2775 729 2846 fuerat,
747 2774 778 2836 in
793 2773 910 2837 irritum
926 2775 1142 2848 reuocauimus‚
1158 2796 1229 2839 sen-

47 2884 166 2947 tentiam
184 2883 502 2947 excommunicacionis
514 2888 651 2968 tanquam
668 2903 685 2947 a
702 2903 760 2946 non
776 2882 837 2946 suis
850 2881 998 2945 iudicibus
1013 2881 1103 2946 latam
1119 2883 1228 2948 nullam

48 3012 112 3056 esse
128 2994 308 3064 indicantes,
334 2997 364 3056 et
387 2993 609 3076 possessionem
629 2992 775 3056 bonorum
791 2989 876 3054 vobis
892 2991 1087 3061 restituimus,
1105 2997 1226 3056 contra-

47 3101 178 3167 dictores
196 3105 228 3166 et
243 3101 421 3166 resistentes
437 3123 494 3186 per
510 3121 670 3168 censuram
685 3100 924 3165 ecclesiasticam
938 3100 1168 3184 compescendo.

610 3305 677 3376 XL.

44 3462 115 3522 12³⁵.
137 3495 176 3504 —
195 3461 334 3517 Disselban
354 3463 487 3518 berichten
511 3463 571 3518 dem
592 3463 711 3532 Herzoge
727 3461 865 3519 Friedrich
885 3461 916 3516 ll.
940 3479 989 3515 von
1002 3449 1154 3516 deterreich
1175 3463 1227 3518 und

45 3555 131 3610 Steier
144 3556 198 3609 den
213 3553 384 3608 Sachverhalt
396 3553 449 3608 uad
463 3555 519 3608 ihre
532 3555 701 3609 richterliche
711 3554 907 3626 Entscheidung
920 3551 1086 3609 desStreites
1099 3553 1228 3608 zwischeu

45 3645 93 3699 den
111 3647 240 3699 Klbstcrn
257 3644 309 3698 not
325 3645 378 3699 und
395 3647 528 3717 thtweig
546 3648 611 3700 siber
630 3646 673 3700 die
693 3646 778 3701 Giiter
801 3646 826 3700 in
840 3645 992 3711 Schwarza;
1010 3645 1130 3714 augleich
1144 3645 1228 3699 bitten

44 3737 80 3790 sie
93 3739 148 3802 ihn,
163 3754 194 3792 er
207 3743 284 3806 moge
298 3737 341 3791 dic
359 3737 481 3806 dortigen
495 3737 658 3808 Gottweiger
677 3737 852 3806 Besitzungen
864 3739 990 3792 schdtzen
1002 3736 1056 3791 und
1069 3736 1119 3790 deu
1129 3737 1228 3791 Hersen

192 3844 242 3881 ron
256 3827 360 3892 Paitten,
374 3829 412 3882 als
428 3827 539 3897 Vogten,
553 3829 595 3883 die
608 3827 732 3896 nbthigen
745 3828 854 3882 Betehle
869 3829 935 3882 dazu
948 3827 1085 3882 ertheilen.

575 3937 710 3997 [brigiam]

134 4038 339 4103 Serenissimo
371 4039 499 4122 principi
529 4039 564 4102 F.
597 4037 709 4124 inclyto
738 4037 807 4102 duci
829 4039 949 4102 bustric
965 4061 967 4066 ·
985 4057 1019 4100 ao
1047 4037 1159 4122 Styrie.
1185 4035 1228 4103 Vt.

42 4148 145 4212 Abbas
163 4148 203 4211 de
220 4146 378 4222 Gaersten
395 4150 438 4213 R:
450 4147 621 4232 prepositus
634 4148 672 4210 de
689 4146 776 4212 domo
805 4167 829 4210 s.
854 4146 997 4218 Floriani,
1025 4147 1066 4212 W.
1096 4147 1227 4208 decanus

42 4257 79 4320 de
94 4260 210 4329 Aneso,
227 4257 342 4321 iudices
360 4257 396 4321 ab
425 4257 589 4341 apostolica
614 4254 688 4320 sede
716 4257 860 4338 delegati,
884 4257 1007 4320 denotas
1032 4256 1182 4320 orationes
1197 4254 1228 4318 in

42 4365 174 4430 domino.
200 4365 409 4450 significamus
423 4367 604 4431 excellencie
617 4370 728 4442 vestre,
746 4365 823 4450 quod
837 4363 937 4429 Abbas
950 4365 1102 4436 Rotcnsis,
1125 4363 1229 4426 frisin-

41 4479 148 4557 gensis
183 4475 328 4548 diocesis,
361 4475 503 4561 quasdam
535 4475 640 4538 literas
674 4495 690 4536 a
718 4475 801 4537 curia
834 4494 954 4538 romana
986 4473 1079 4537 tacita
1101 4473 1228 4536 ueritate

42 4585 269 4669 impetrauerat,
282 4605 337 4669 per
353 4606 425 4670 quas
443 4565 592 4650 nitebatur
603 4583 816 4668 possessiones
828 4582 857 4646 in
866 4583 1007 4652 Succusa,
1023 4602 1080 4666 que
1094 4584 1231 4666 spectant

71 4695 169 4740 Fontes.
185 4694 212 4740 X.
982 4691 1017 4743 20
