3122 5096
282 391 330 464 38

278 569 422 654 quicquid
439 568 470 630 iu
487 588 522 630 eo
539 567 605 632 loco
622 564 753 630 babebat
769 563 881 632 cultum
901 573 932 632 et
947 563 1103 632 incultum.
1128 571 1161 629 ut
1176 571 1246 651 post
1262 563 1375 629 obitum
1394 581 1474 627 suum

278 676 422 741 fratribus
446 677 498 740 bic
522 675 580 740 deo
598 675 791 740 militantibus
808 659 921 761 absque
944 677 1022 740 omni
1039 675 1277 741 contradictione
1295 675 1472 738 deseruiret.

221 785 223 792 ’
279 785 373 850 lluius
384 785 553 849 traditionis
566 791 660 849 testes
673 785 803 848 suerunt.
818 786 994 873 Meqinpm.
1010 761 1189 851 ddalricors.
1203 784 1359 870 Sipibart.
1374 783 1475 846 Zeizo.

283 893 363 958 Otto.
381 894 562 957 lnuestiture
578 894 756 980 Mcpiaqoc.

844 1025 910 1097 eb.

372 1165 434 1228 Sed
451 1170 481 1228 et
498 1165 556 1229 boc
573 1165 717 1228 memorie
733 1165 908 1228 tradendum
926 1171 982 1230 est.
1001 1165 1081 1250 quod
1098 1165 1227 1247 quidam.
1245 1163 1280 1225 N.
1298 1163 1476 1250 chinbcrt

282 1272 435 1354 delegauit
450 1293 542 1356 super
559 1275 651 1337 altare
668 1273 702 1336 S.
719 1272 815 1336 Mario
830 1273 912 1336 llll⁰'.
929 1273 1077 1356 mancipia
1091 1292 1146 1354 pro
1160 1291 1262 1335 censu.
1281 1269 1316 1333 V.
1335 1271 1475 1334 denario·

281 1397 346 1442 rum
362 1385 431 1463 post
448 1379 560 1444 obitum
577 1401 662 1444 suum
679 1380 806 1462 singulis
823 1381 907 1443 annis
925 1379 1118 1444 exsoluendo.

839 1566 917 1638 CLl.

372 1705 480 1770 Notum
504 1708 544 1770 sit
569 1707 705 1770 omnibus
728 1707 759 1768 iu
776 1704 896 1769 Christo
919 1707 1040 1768 renatis.
1063 1707 1143 1790 quod
1160 1706 1287 1792 quidam.
1314 1703 1351 1766 N.
1373 1705 1475 1768 Tiemo

284 1813 407 1878 donauit
431 1814 565 1898 predium
588 1836 674 1878 suum
696 1815 726 1876 in
748 1814 815 1878 loco
841 1814 892 1896 qui
915 1819 1042 1878 uocatur
1064 1816 1146 1878 Porz
1168 1815 1256 1876 situm
1274 1833 1367 1895 super
1384 1813 1476 1874 altare

282 1919 315 1982 S.
335 1921 428 1984 llarie
453 1943 518 1986 cum
543 1923 660 1985 duobus
684 1922 840 2006 mancipiis
865 1920 1027 2003 Wicbpoto
1053 1927 1083 1984 et
1100 1920 1255 1984 Waltrada
1272 1920 1425 1983 nouitatis.
1448 1919 1475 1980 in

281 2031 436 2114 proprium
454 2029 625 2095 seruicium.
653 2030 761 2094 Postea
779 2050 850 2094 uero
868 2050 905 2094 ex
922 2050 1071 2094 consensu
1088 2031 1224 2094 fratrum.
1243 2029 1279 2092 ab
1297 2027 1409 2091 abbate
1421 2028 1477 2091 loci

281 2135 370 2201 istius
385 2138 465 2200 idem
482 2139 618 2220 predium
640 2159 694 2221 pro
712 2158 805 2201 ceusu
822 2139 909 2202 unius
925 2137 1040 2200 denarii
1058 2138 1126 2202 dum
1142 2139 1209 2222 ipse
1224 2137 1344 2202 uiueret
1360 2137 1476 2219 recepit

281 2246 313 2308 in
330 2247 519 2310 beneficium.
546 2247 639 2311 Huius
655 2249 700 2310 rei
716 2252 810 2312 testes
828 2249 955 2310 luerunt.
982 2223 1169 2328 lldolricuo.
1190 2249 1335 2333 Hoqcno.
1360 2246 1475 2308 Bionis.

282 2355 445 2419 Herimun.
463 2357 570 2422 Liuzc.
589 2357 757 2420 Adultera.
776 2356 956 2420 inuestitnre
975 2332 1154 2420 ductrices.
1172 2357 1317 2442 Hapano.

837 2542 933 2613 CLll.

372 2681 480 2746 Notum
504 2682 544 2744 sit
565 2680 702 2746 omnibus
730 2681 843 2745 Christi
873 2683 1020 2762 sanguine
1045 2681 1220 2764 redemptis.
1247 2681 1324 2766 quod
1349 2680 1475 2766 quedam

281 2794 414 2853 matrona
427 2788 545 2852 nobilis.
559 2789 596 2851 N.
608 2791 795 2877 Murpareto
809 2809 874 2854 cum
887 2810 975 2852 mauu
988 2795 1019 2852 et
1031 2791 1179 2872 permissu
1194 2789 1246 2852 filii
1256 2791 1301 2852 sui
1315 2790 1479 2856 Wicbardi

282 2897 438 2979 delegauit
453 2896 591 2979 predium
608 2919 694 2962 suum
712 2901 800 2962 situm
817 2899 854 2962 ad
870 2899 1050 2985 Penelopia
1067 2899 1103 2960 ad
1120 2898 1215 2960 altare
1232 2899 1264 2960 S.
1283 2899 1388 2960 Maria.
1407 2906 1476 2982 post

281 3002 392 3068 obitum
410 3025 494 3068 suum
512 3003 561 3068 hic
576 3003 719 3067 iratribus
742 3005 799 3068 deo
816 3004 1010 3069 militantibus
1027 3006 1056 3068 in
1074 3027 1158 3069 usum
1176 3006 1353 3070 cedendum.
1384 3006 1475 3069 Huius

280 3114 450 3178 traditionis
478 3117 575 3178 testes
606 3115 776 3180 extiterunt.
813 3115 1013 3180 Heidinricla.
1048 3117 1221 3197 Repinper.
1247 3120 1278 3178 et
1298 3116 1388 3200 filine
1409 3116 1476 3179 eine

282 3223 453 3310 chinper.
481 3223 670 3288 Wcriabart.
695 3225 923 3310 llocbinprebt.
948 3225 1135 3288 Baldoinus.
1163 3225 1243 3306 Otto.

824 3411 932 3481 CLlll.

376 3549 413 3612 Et
434 3551 491 3614 boc
514 3550 656 3615 memorie
672 3550 804 3616 fidelium
823 3550 1098 3615 commendandum.
1124 3549 1253 3635 qualiter
1276 3551 1408 3616 domina
1430 3551 1479 3616 lta

281 3663 398 3727 relicta
419 3660 588 3747 Sipibordi
610 3661 731 3724 comitio
755 3660 910 3742 delegauit
926 3661 1077 3747 predium
1107 3660 1184 3744 quod
1207 3665 1334 3724 uocatur
1359 3661 1479 3724 Azouis

282 3771 372 3838 situm
395 3768 473 3852 apud
497 3769 758 3855 Ranooldiopocb
782 3769 813 3830 in
829 3789 947 3832 manum
963 3767 1016 3830 lilii
1033 3770 1079 3832 sui
1096 3768 1250 3834 Heinrici.
1270 3788 1305 3831 eo
1322 3773 1431 3830 tenore
1449 3773 1480 3828 ut

280 3878 338 3942 hoc
360 3879 427 3962 ipse
450 3897 541 3959 super
569 3877 662 3940 altare
690 3877 722 3941 S.
750 3877 844 3940 Mario
873 3877 1075 3942 contraderet.
1114 3877 1201 3960 Quod
1229 3877 1319 3940 etiam
1346 3877 1479 3959 benigne

281 3969 456 4071 adimpleuit
466 3985 546 4048 idem
558 3987 740 4050 Heinricuo.
751 3986 798 4048 his
812 3986 953 4049 adhibitis
966 3985 1104 4051 testibus.
1121 3986 1314 4073 Mcpinbart.
1333 3993 1365 4048 et
1372 3989 1481 4069 frater

280 4095 348 4160 elue
363 4094 566 4180 Gumpoldoe.
586 4095 768 4159 Werinbart
779 4095 818 4158 de
831 4094 972 4159 lulboclo.
989 4095 1122 4159 Albinus
1134 4095 1173 4158 de
1185 4095 1298 4158 steina.
1312 4093 1478 4160 Adclram.

285 4202 478 4270 werinhere.
495 4197 622 4285 [tridulfi
643 4203 792 4268 Otocloor.
810 4205 1014 4292 Perinpcruo.

825 4335 934 4407 univ.
947 4390 950 4398 .

370 4470 434 4537 Sed
448 4475 479 4536 et
493 4473 553 4536 hoc
566 4475 710 4538 memorie
722 4471 853 4540 fidelium
864 4474 1050 4541 tradendum.
1064 4475 1144 4561 quod
1156 4475 1284 4562 quidam.
1302 4475 1339 4539 N.
1353 4475 1480 4541 lebena

190 4665 193 4672 .
278 4587 384 4664 rogatu
401 4581 565 4646 Ansbclmi
579 4585 619 4646 dc
630 4585 940 4650 Hezimannlowioin.
958 4585 1112 4667 delegauit
1124 4606 1217 4668 super
1229 4585 1325 4649 altare
1340 4585 1373 4647 S.
1383 4584 1478 4647 lilarie
