3074 5094
1178 407 1253 480 303

81 586 167 640 Haase
181 586 387 648 zurirclrlrobren,
401 587 455 641 und
468 587 500 642 da
513 583 620 640 ilrm'die
635 583 781 639 Canonilrer
793 581 886 636 keinen
900 582 997 636 andern
1008 583 1128 638 sicbcren
1143 582 1190 636 ca
1211 599 1257 636 zur

79 677 262 746 Vernebmung
280 676 431 730 bestimmon
450 677 571 737 wollten,
593 692 622 728 so
644 674 764 727 wendete
782 690 810 726 er
826 673 881 728 sich
904 672 950 726 mit
980 673 1067 726 seiner
1084 673 1258 727 Resehwerde

82 786 115 822 an
137 768 188 822 den
209 769 289 838 Papst
314 769 398 822 selbst
419 768 471 820 und
493 769 539 821 bat
558 785 600 820 nm
623 767 779 834 Ernennnng
800 765 911 818 anderen
931 763 1257 834 Untcrsucbungsricbter.

83 860 188 930 Gregor
201 859 242 912 lx.
257 861 423 928 beaultragte
437 859 519 912 durch
534 859 574 912 ein
587 874 636 910 von
650 857 761 927 Peragia
775 874 815 909 am
828 857 854 910 8.
863 855 1009 909 December
1022 855 1092 909 1234
1110 855 1255 909 erlassencs
1339 849 1343 856 ¹

80 949 164 1004 Brcre
178 950 227 1003 den
238 949 291 1002 ΑΜ
303 967 351 1003 ron
363 949 483 1011 Garsteo,
502 949 552 1002 den
565 949 661 1020 Propst
680 966 729 1002 roo
746 948 786 1002 St.
803 947 908 1000 Florian
927 947 980 1000 und
1002 946 1053 999 den
1072 946 1188 1000 ltecbunt
1203 964 1252 1000 ron

73 1040 146 1094 Fons
162 1041 209 1094 mit
222 1040 268 1094 der
285 1039 488 1110 Untersucbung
506 1039 553 1093 dea
573 1039 781 1100 Saebverbaltes,
800 1037 848 1092 wie
867 1055 914 1092 aus
932 1037 982 1090 den
1005 1035 1146 1106 folgenden
1167 1037 1255 1090 Docu-

72 1134 180 1186 menten
194 1132 296 1186 arbellt.

590 1305 742 1388 XXXVll.

77 1493 155 1552 12³⁵.
169 1493 316 1554 —Ulricb,
339 1494 459 1547 ablron
489 1493 620 1556 Garsten,
649 1492 800 1552 bombard,
825 1493 920 1562 Propst
935 1509 984 1546 ron
1014 1491 1053 1545 St.
1072 1490 1184 1552 Florian,
1203 1489 1256 1543 and

73 1586 212 1647 wernher,
223 1585 400 1639 Decbantron
411 1586 489 1646 Enna,
508 1585 546 1638 als
561 1601 616 1636 vom
629 1584 726 1655 Papste
744 1583 871 1653 delegirte
883 1583 994 1636 Richter
1010 1582 1117 1636 fordern
1137 1582 1187 1636 den
1204 1579 1256 1634 not

76 1675 201 1730 Heinrich
214 1694 263 1730 von
277 1677 394 1736 lictant,
408 1693 448 1729 am
461 1677 504 1730 30.
517 1676 592 1746 April
609 1693 639 1729 zu
652 1674 836 1728 Vdclrlabruclr
853 1675 879 1728 in
893 1675 940 1728 der
951 1675 1059 1746 Capella
1073 1674 1120 1728 das
1140 1672 1254 1740 heiligen

75 1754 191 1836 dgidius
204 1784 235 1822 zu
249 1766 410 1828 erscbeinen,
423 1783 465 1819 um
485 1783 531 1821 ror
544 1767 620 1819 ibnen
633 1766 689 1820 sich
706 1785 736 1819 zo
758 1768 950 1820 verantworten
969 1766 1033 1820 iiber
1052 1766 1094 1820 die
1106 1766 1190 1834 Klage
1206 1762 1254 1816 des

525 1857 605 1911 Abies
615 1875 664 1911 von
678 1857 818 1927 Gdttweig.

598 1951 742 2025 [original]

163 2101 339 2166 Reuerendo
366 2103 396 2164 in
420 2101 540 2166 Christo
567 2103 645 2186 patri
673 2109 703 2167 et
727 2104 856 2168 domino.
885 2107 925 2169 H.
948 2106 1118 2171 Venerabili
1145 2109 1253 2174 Abbati

75 2213 214 2285 lietensi,
232 2218 263 2276 et
279 2211 413 2276 eiusdem
430 2211 490 2275 loci
506 2212 644 2294 collegio,
673 2213 771 2276 Abbas
793 2213 831 2276 de
855 2211 995 2292 Gersten,
1020 2215 1194 2302 Preposltus
1220 2221 1253 2284 S.

68 2321 205 2386 Floriani
221 2325 252 2385 et
268 2321 406 2385 Decanus
423 2321 460 2383 de
482 2321 590 2395 Anaso,
612 2321 799 2386 Patariensis
822 2322 970 2405 dyocesis,
994 2323 1118 2388 ludices
1142 2349 1157 2390 a
1181 2329 1254 2393 sede

69 2411 236 2514 apostolica
263 2428 403 2510 delegati,
428 2429 552 2492 denotas
576 2431 725 2494 orationes
749 2438 778 2493 et
805 2433 966 2494 fraternam
987 2431 1017 2494 in
1034 2432 1150 2496 domino
1175 2434 1255 2498 cari-

71 2545 179 2603 tatem.
205 2537 335 2622 Scripsit
351 2537 437 2602 nobis
454 2539 589 2602 dominus
606 2545 708 2602 noster
724 2538 802 2622 Papa
821 2541 850 2616 in
866 2539 945 2604 bunc
961 2541 1094 2604 modum:
1111 2542 1255 2625 „Grego-
1283 2560 1285 2570 '

70 2649 159 2724 „rius
176 2648 338 2732 episcopus
355 2669 461 2711 seruus
479 2667 632 2711 seruorum
650 2647 709 2720 dei,
721 2648 846 2712 Dilectis
860 2647 928 2711 liliis
943 2647 1050 2712 Abbati
1065 2649 1102 2712 de
1113 2651 1252 2725 Gerstcn,

69 2757 253 2841 „Proposito
270 2755 303 2818 S.
320 2756 462 2827 Floriani,
488 2761 518 2820 et
534 2755 648 2820 decano
665 2757 703 2820 de
719 2757 827 2834 duaco,
852 2755 951 2821 Patav.
969 2756 1056 2842 dyoc.
1074 2759 1207 2823 Salutem
1224 2765 1254 2823 et

70 2866 289 2949 „apostolicam
313 2865 560 2929 benedictionem.
589 2864 724 2929 Dilectus
752 2866 829 2929 filius
856 2865 955 2930 Abbas
973 2866 1011 2930 de
1028 2864 1181 2933 Cbotwico
1199 2890 1251 2932 sua

67 2974 184 3050 „nobis
209 2974 352 3058 petitione
369 2975 554 3047 monstrauit,
572 2975 651 3060 quod
679 2995 744 3037 cum
772 2975 870 3039 Abbas
901 2975 1054 3046 bolensis,
1083 2977 1252 3059 frisigensis

68 3083 181 3168 „dyoc
199 3083 295 3165 ipsum
313 3103 402 3166 super
419 3083 560 3156 Sondrae,
577 3088 607 3146 et
623 3083 794 3168 quibusdam
808 3084 875 3147 aliis
892 3083 982 3154 uillis.
1000 3087 1251 3169 possessionibus,

68 3200 123 3266 „et
136 3190 227 3254 rebus
240 3192 307 3255 aliis
325 3211 424 3255 coram
441 3193 554 3256 decano
568 3192 783 3276 Salzpurgensi
796 3197 826 3256 et
843 3192 905 3256 suis
918 3193 1124 3258 conludicibus
1147 3201 1250 3260 aucto-

68 3301 185 3378 „ritate
201 3299 364 3384 apostolica
381 3301 583 3373 conuenisset,
610 3303 678 3384 quia
695 3301 766 3365 dicti
783 3301 898 3365 iudices
916 3301 952 3365 ad
970 3302 1066 3366 locum
1083 3325 1139 3366 non
1157 3309 1250 3368 tutum

66 3411 220 3486 „citantes
237 3409 373 3481 eundem,
391 3409 538 3494 aliumque
555 3407 613 3472 sibi
637 3431 774 3475 securum
791 3410 945 3491 assignare
968 3415 1070 3475 contra
1098 3411 1248 3477 iusticiam

66 3520 280 3600 „denegarent
295 3517 445 3582 humiliter
467 3517 614 3604 requisiti,
641 3521 720 3585 idem
743 3518 883 3585 senciens
905 3518 1040 3584 indebite
1064 3543 1097 3584 se
1114 3523 1246 3603 grauari,

66 3635 226 3704 „nostram
244 3627 428 3692 audienciam
445 3627 614 3712 appellauit.
639 3626 676 3688 nt
703 3628 760 3711 ipsi
788 3629 920 3710 legitima
949 3627 1014 3710 ejus
1050 3629 1250 3715 appellatione

66 3741 275 3822 „contempta
296 3739 412 3820 partem
434 3737 556 3800 alteram
577 3737 608 3799 in
624 3737 847 3820 possessionem
868 3757 967 3800 rerum
983 3737 1114 3820 ipsarum
1131 3744 1251 3823 preter-

66 3847 185 3922 „misso
202 3845 277 3909 iuris
295 3845 400 3909 ordine
414 3845 603 3910 induxerunt.
616 3845 745 3929 Ideoque
758 3840 931 3910 discretioni
940 3852 1039 3910 vestre
1055 3869 1109 3932 per
1125 3854 1249 3932 aposto-

63 3955 149 4032 „lica
168 3955 280 4037 scripta
296 3954 479 4028 mandamus,
497 3957 642 4038 quatenus
659 3953 685 4017 si
702 3957 750 4016 est
764 3954 821 4026 ita,
838 3961 978 4020 reuocato
995 3957 1023 4018 in
1041 3961 1148 4022 statum
1163 3958 1251 4022 debi-

65 4073 155 4138 „tum
189 4063 331 4147 quicquid
367 4067 436 4148 post
478 4061 685 4148 apellationem
717 4063 887 4127 huiusmodi
929 4063 1104 4129 inueneritis
1135 4075 1249 4132 temere

63 4177 299 4256 „attemptatum
322 4173 353 4235 in
381 4193 471 4238 cansa
497 4175 562 4258 ipsa
585 4172 665 4236 iuxta
692 4175 824 4257 priorum
847 4175 1061 4238 continenciam
1084 4173 1249 4240 litterarum

65 4281 276 4366 „apellatione
299 4285 413 4344 remota
447 4284 561 4347 ratione
589 4283 693 4368 preuia
715 4283 895 4366 procedatis.
926 4283 1061 4370 Alioquin
1086 4289 1187 4368 partes
1210 4283 1247 4347 ad

63 4391 224 4475 „priorum
241 4389 370 4454 iudicum
387 4393 543 4456 remittatis
560 4413 691 4464 examen,
716 4395 894 4476 inpetentem
907 4392 936 4455 in
950 4394 1088 4476 expensis
1105 4392 1248 4475 legitimis
1290 4377 1294 4384 ⁴

62 4500 346 4586 „condempnando
364 4501 473 4564 'Foetes
486 4507 583 4565 autem
598 4502 647 4586 qui
663 4503 781 4566 luerunt
794 4502 944 4576 nominati,
962 4503 989 4565 si
1005 4521 1038 4564 se
1050 4503 1156 4583 gratia,
1169 4503 1247 4574 odio,

62 4613 136 4687 „uel
155 4612 266 4675 timore
283 4609 494 4683 subtraxerint,
518 4631 752 4696 percensuram
776 4610 1023 4688 ecclesiasticam,
1048 4611 1246 4697 appellatione
