3122 5096
1216 409 1266 480 29

74 582 188 647 idoneis
211 582 341 646 testibus
366 581 402 646 ad
425 582 483 647 huc
508 581 660 647 adhibitis.
682 563 836 648 Ebloiriob
857 584 899 647 de
916 579 1092 671 Obriffurin.
1114 583 1268 648 Herimun

75 696 104 756 et
118 691 213 756 frater
228 692 295 757 eius
310 691 497 779 Itcpo'nbort.
517 692 664 757 Gundolt.
682 693 853 777 Pstrprnao.
870 693 1064 780 Mepo'nbart.
1080 691 1268 757 Wetarotor

80 804 108 864 et
123 800 218 863 irater
235 801 303 864 eius
319 801 502 866 Heinricns.
522 801 637 865 Tiemo.
658 800 801 866 ll'ielont.
818 799 966 865 loinricb

637 985 702 1056 CV.

160 1124 309 1188 Nouerint
332 1129 391 1187 tarn
414 1124 565 1206 presentis
591 1125 637 1187 cui
661 1125 842 1208 superstites
859 1145 945 1209 quarn
961 1127 1060 1188 future
1076 1125 1266 1207 posteritatis

72 1230 189 1295 fideles.
215 1233 345 1318 qualiter
362 1234 482 1318 quidam
503 1235 675 1298 Heinricos
697 1233 782 1296 dedit
802 1236 921 1296 uinearn
943 1255 1029 1297 unarn
1052 1233 1089 1296 ad
1110 1234 1266 1306 doctrinis-

72 1341 151 1424 dors
166 1341 253 1403 sitam
277 1361 344 1404 curn
365 1343 428 1403 suis
444 1329 634 1425 appendiciis
653 1341 690 1404 ad
707 1341 801 1404 altare
819 1341 852 1404 S.
871 1341 1096 1424 Maricabsque
1114 1340 1173 1404 ulla
1190 1361 1264 1404 con-

70 1449 250 1513 tradictione
271 1455 376 1535 utpote
397 1455 526 1533 paterne
548 1449 750 1513 hereditatis'
742 1471 807 1514 rure
825 1455 855 1513 et
871 1471 927 1533 pro
945 1471 999 1514 sue
1015 1450 1112 1512 anime
1129 1451 1265 1513 rernedio
1313 1499 1316 1506 .

70 1559 100 1618 et
120 1562 281 1640 parentum
310 1557 508 1622 absolutionc.
539 1557 631 1621 Huius
659 1558 829 1622 traditionis
858 1557 984 1621 adhibiti
1013 1563 1082 1622 sunt
1102 1560 1133 1622 bi
1157 1563 1264 1665 testes.

69 1664 158 1730 Nizo.
178 1642 359 1731 Odulrdcus.
377 1666 580 1754 Eupilprcbt.
558 1667 689 1732 tllirz

623 1843 704 1922 uvi.
786 1873 806 1903 v

157 1989 268 2054 Noturn
290 1991 332 2053 sit
355 1992 471 2055 cunctis
497 1993 602 2054 matris
626 1990 758 2054 ecclesie
783 1990 864 2055 tiliis.
889 1991 1018 2075 qualiter
1043 1991 1162 2076 quidam
1179 1991 1267 2054 miles-

67 2098 213 2163 uocabulo
238 2101 363 2186 Rapoto
387 2119 453 2162 curn
471 2099 593 2162 licentia
611 2099 723 2161 domini
739 2099 787 2166 sui
804 2100 988 2164 Gcbclrardi
1009 2099 1131 2162 tradidit
1147 2101 1264 2163 uincarn

67 2227 153 2270 unam
180 2207 382 2274 ‘Obulinbu'cb
414 2209 502 2271 sitam
534 2208 572 2271 ad
605 2206 700 2270 altare
729 2207 760 2272 S.
793 2209 897 2274 lllaric.
929 2228 996 2270 curn
1028 2228 1084 2271 uno
1113 2209 1263 2292 mancipio

67 2314 223 2380 Willibart
246 2317 337 2380 dieto.
367 2315 460 2380 Huius
483 2316 655 2380 traditionis
679 2319 780 2379 extant
801 2337 857 2400 per
880 2337 981 2381 aurern
1005 2317 1132 2381 adtracti
1155 2321 1263 2380 testes.

64 2422 265 2490 Adaldcrtos.
283 2425 446 2490 Dictbcrc·
521 2443 523 2447 ’

619 2547 715 2620 uvir.

152 2687 303 2751 Nouerint
329 2708 431 2750 ornnes
458 2682 621 2751 christiane
643 2687 802 2769 religionis
826 2687 969 2752 cultores.
994 2687 1123 2771 qualiter
1140 2687 1259 2772 quidam

64 2793 201 2879 Wotfloer
223 2795 260 2858 ob
286 2796 449 2859 remedium
472 2797 569 2858 anime
587 2796 706 2878 fratris
722 2795 774 2858 sni
794 2794 919 2858 tradidit
935 2797 1128 2883 quantitatem
1145 2796 1258 2882 ingeris

58 2887 239 2968 Rorisdacb
256 2905 343 2967 sitam
359 2905 396 2968 ad
413 2884 508 2967 altare
526 2904 559 2965 S.
578 2903 674 2966 Maria
691 2903 881 2986 absque'ulla
899 2886 1149 2968 contradictione.
1168 2905 1260 2968 Huius

58 3012 230 3074 traditionis
259 3011 409 3076 habentur
436 3016 531 3074 testes
561 3013 695 3096 presenti
722 3013 832 3096 pagina
861 3007 1036 3096 conscripti.
1075 3013 1259 3078 Wcrinluart.

62 3107 230 3183 Woltbere.
246 3121 423 3185 Hortamur.
442 3120 637 3206 Mcqo’nbart.

610 3259 721 3330 curn.
743 3229 747 3234 ’

149 3399 278 3463 Nouerit
290 3401 431 3464 uniuersa
448 3405 552 3464 sancte
565 3399 697 3462 ecclesie
712 3418 859 3480 compago
869 3399 996 3482 qualiter
1005 3399 1123 3484 quidarn
1136 3400 1261 3466 inuenio

57 3506 208 3569 uocabulo
240 3507 359 3570 Pezilie
386 3505 512 3570 tradidit
543 3508 662 3569 uincam
693 3526 781 3569 unam
808 3505 952 3591 Nuztorf
977 3508 1062 3570 sitam
1095 3508 1133 3570 ad
1165 3491 1261 3579 alta-re

56 3614 90 3677 S.
103 3615 213 3678 Maria.
233 3615 346 3678 addens
364 3615 452 3680 etiam
475 3615 572 3679 adhuc
591 3616 669 3698 quod
685 3617 780 3680 maius
797 3618 854 3678 est.
878 3616 997 3679 scilicet
1013 3617 1092 3700 quod
1110 3637 1144 3680 se
1160 3618 1259 3700 ipsum

60 3723 171 3806 optulit
187 3723 303 3801 iugiter
326 3723 375 3786 hio
400 3723 593 3796 seruituruur.
619 3723 711 3788 Huius
730 3725 900 3796 traditionis
923 3729 1017 3787 testes
1040 3724 1187 3788 habentur
1206 3746 1260 3807 per

53 3830 203 3894 uocabula
217 3837 385 3912 presentes.
399 3831 478 3896 Suet
478 3834 517 3894 lo
534 3832 649 3896 Wizile
657 3832 748 3896 Otto.
762 3831 949 3916 Rapiaturt.
963 3832 1092 3915 Plidolf.
1108 3833 1256 3952 Crecbin.

54 3937 233 4024 Starubolf.
250 3939 404 4003 Liutrom.
424 3939 576 4002 Wicbart
596 3939 754 4026 Hcripolt.
772 3938 914 4004 solman.

621 4123 703 4193 clx.

136 4249 139 4254 ¹
190 4259 319 4325 Nouerit
344 4261 540 4328 uniuersitas,
557 4267 660 4325 sancte
677 4263 810 4327 ecclesie
826 4261 965 4327 filiorum.
994 4263 1123 4347 qualiter
1139 4265 1258 4349 quidam

52 4369 164 4434 nobilis
193 4371 330 4454 llloltlrer
355 4390 411 4453 pro
435 4369 569 4432 remedio
593 4371 689 4433 anirnc
714 4391 769 4434 sue
792 4375 823 4434 et
848 4370 950 4434 militis
973 4373 1019 4435 sui
1046 4373 1256 4461 Meqinpnndi

49 4478 179 4542 tradidit
201 4497 336 4542 mansum
358 4499 446 4542 unurn
470 4477 506 4540 ad
529 4478 625 4542 altare
648 4479 680 4542 S.
698 4479 794 4542 llarie
817 4479 855 4542 de
877 4481 991 4562 predio
1010 4481 1090 4566 quod
1111 4482 1258 4548 Sacrario

51 4586 168 4650 dicitur
190 4585 308 4670 absque
328 4585 386 4650 ulla
404 4585 657 4660 contradictione.
687 4587 779 4657 Huius
797 4587 968 4667 traditionis
992 4589 1140 4654 habentur
1161 4594 1257 4655 testes
