3076 5094
1171 368 1245 440 261

73 541 144 604 suis.
165 541 388 606 Paternacum
406 541 501 605 uineis
524 546 555 605 et
570 541 748 605 vinitoribus
770 546 801 606 et
818 541 952 606 omnibus
969 543 1155 626 appendiciis
1180 545 1252 607 suis.

76 645 251 714 Vertacum
266 650 423 733 mancipiis
441 656 471 712 ot
487 649 620 714 omnihus
640 650 825 736 appendiciis
842 653 905 715 suis
922 654 953 713 ot
968 649 1043 715 silua
1066 672 1123 738 que
1138 651 1255 715 adiacet

73 760 177 829 monti,
194 760 278 823 cuius
293 759 436 822 terminus
454 765 501 823 est
516 759 599 822 riuus
612 761 705 846 pulta
720 779 838 824 sursum
854 780 948 842 usque
963 761 992 824 in
1006 760 1255 832 commotiones,

72 867 183 932 abhinc
192 886 285 950 usque
294 865 332 930 ad
342 866 499 931 confinium
507 869 748 956 Salzborpensia
759 869 857 952 predii
868 874 898 932 et
908 869 1110 934 marchiones.
1125 869 1256 935 cornet-

71 977 168 1042 etctin
190 997 256 1040 cum
278 977 372 1040 vineis
388 983 418 1042 et
433 977 609 1040 vinitoribus
631 981 661 1040 et
683 977 818 1042 omnibus
841 979 1026 1062 appendiciis
1042 981 1114 1042 suis.
1136 979 1255 1044 Ecdin-

71 1085 179 1172 dorph
191 1105 257 1150 cnm
270 1085 424 1169 mancipiis
437 1087 615 1150 etomnibus
628 1087 814 1169 appendiciis
827 1087 1178 1175 suisPumannestorpd
1191 1107 1258 1150 cum

70 1195 229 1279 mancipiis
245 1199 276 1258 et
296 1195 433 1258 omnibus
449 1195 635 1278 appendiciis
657 1195 729 1258 suis.
751 1196 924 1284 Noadorph
939 1198 1042 1260 vineas
1058 1197 1103 1260 111.
1127 1198 1257 1262 Anzan-

70 1304 179 1391 dorph
195 1305 297 1367 vineas
315 1303 349 1366 ΙΙ.
367 1296 604 1392 Imiairiistorpln
619 1303 736 1366 vineam
751 1305 774 1366 1.
787 1305 1025 1392 Batoluistorpd
1038 1325 1104 1370 cum
1121 1303 1257 1369 omnibus

70 1413 260 1497 appendiciis
277 1414 350 1476 suis.
368 1413 412 1476 Ad
429 1435 454 1476 s.
477 1413 655 1500 Yppolitnm
678 1420 793 1497 partem
810 1412 1017 1477 decimationis
1035 1419 1065 1476 ot
1079 1433 1214 1476 mansum
1234 1413 1257 1474 Ι.

71 1541 143 1585 curn
159 1521 297 1586 omnibus
309 1521 494 1606 appendiciis
508 1522 578 1584 suis.
592 1522 630 1584 Et
645 1523 676 1584 in
692 1521 749 1584 alia
765 1521 830 1605 ripa
845 1523 981 1586 Treo'cc'm
993 1543 1097 1586 versus
1115 1521 1260 1606 Waprein

72 1630 276 1694 molendinum
293 1651 359 1694 cum
371 1630 557 1714 appendiciis
569 1631 632 1694 suis
646 1635 676 1692 et
687 1631 711 1694 ΙΙ
728 1628 793 1694 loca
806 1628 978 1694 molendini.
992 1627 1260 1716 Stoidrotiatorpd

12 1777 15 1786 ·
69 1759 209 1802 mansum
225 1737 247 1800 Ι.
264 1739 438 1804 Pecsotilia
454 1758 521 1802 cum
538 1739 674 1803 omnibus
688 1740 878 1824 appendiciis
896 1741 968 1804 suis.
982 1739 1178 1828 Scaeuinpin
1194 1759 1259 1802 eum

71 1847 232 1930 mancipiis
250 1852 281 1910 et
296 1847 430 1910 omnihus
448 1847 636 1930 appendiciis
653 1849 723 1910 suis.
741 1848 978 1936 Blindindorplc
995 1869 1127 1913 mansum
1144 1849 1165 1910 l.
1188 1847 1261 1911 Pia·

71 1956 272 2044 coluotmpo
289 1976 405 2020 mansos
422 1955 481 2020 ΙΙΙΙ.
499 1957 679 2021 Houibercd
696 1977 762 2020 eum
780 1957 914 2021 omnibus
932 1957 1115 2042 appendiciis
1133 1958 1206 2026 suis,
1232 1961 1263 2019 et

72 2066 220 2152 quicquid
242 2066 321 2128 inter
347 2065 420 2128 duas
442 2065 595 2130 Persnicd
624 2065 735 2129 cultum
759 2071 789 2129 et
810 2065 950 2130 incultum
979 2065 1162 2149 episcopalis
1189 2065 1262 2127 iuris

70 2177 165 2246 iacet,
182 2180 307 2258 excepto
324 2195 417 2238 censu
430 2175 468 2238 de
484 2172 602 2258 publica
626 2175 683 2238 via.
701 2175 864 2239 Parrochia
879 2176 1043 2240 Pirenam
1067 2194 1132 2238 oum
1150 2193 1264 2256 appen-

72 2285 165 2350 diciis
182 2284 257 2348 suis.
276 2281 552 2350 Cddaidoheototin
563 2285 664 2348 uineas
682 2285 716 2348 V.
736 2291 766 2348 et
778 2284 938 2348 dimidiam.
957 2281 1157 2350 Zeiziamoiro
1168 2283 1264 2346 bene-

73 2393 177 2458 ficium
192 2393 370 2480 Repinotui.
390 2393 570 2480 Guppinpin
587 2393 688 2456 vineas
706 2393 741 2456 ΙΙ.
759 2413 826 2456 cum
839 2393 972 2456 omnibus
989 2392 1176 2476 appendiciis
1190 2391 1263 2454 suis.

75 2502 301 2589 Chircdliapin
325 2521 457 2564 mansum
478 2501 499 2562 Ι.
522 2508 553 2564 et
569 2502 685 2564 vineam
706 2502 728 2564 1.
749 2501 969 2568 Wacdamuodi
983 2521 1116 2564 mansum
1140 2501 1162 2564 1.
1179 2496 1267 2565 Mairi

76 2614 318 2676 decimationem.
341 2611 576 2682 Heimiodarcla
600 2611 916 2698 Aschrt'chisprucca,
943 2613 1090 2681 Hostilia,
1119 2615 1150 2674 et
1176 2611 1213 2672 ad
1240 2630 1266 2672 s.

74 2725 303 2792 Petronellam,
321 2727 351 2784 et
368 2721 406 2784 de
423 2721 535 2784 ceteris
552 2719 642 2793 uillis,
660 2741 718 2804 que
734 2723 885 2804 pertinent
901 2722 938 2784 ad
954 2721 1090 2804 predium
1101 2719 1268 2807 Dictpoldi

75 2833 283 2907 marchionis,
309 2830 546 2894 decimationem.
571 2829 731 2894 Parrochia
757 2825 892 2917 cottinp
917 2834 1086 2894 constructa
1110 2831 1141 2892 in
1164 2847 1265 2890 manso

76 2963 167 3030 quem
180 2943 315 3008 miccina
332 2941 424 3012 dedit,
441 2939 476 3002 ad
491 2959 576 3023 quam
590 2939 815 3002 decimationem
828 2940 997 3002 terminavit
1013 2935 1074 3027 [in]
1089 2938 1267 3002 Houistetin

76 3051 229 3119 Mdrada.
246 3051 392 3117 Studoda
407 3071 527 3112 mansos
543 3049 578 3112 X.
596 3049 744 3114 Ascdadu
757 3049 858 3111 vineas
872 3049 905 3110 ΙΙ.
919 3048 1117 3114 Hunisdercd
1133 3067 1266 3110 mansum

77 3165 100 3228 Ι.
118 3165 220 3228 Haila
237 3160 353 3224 curtalo
375 3159 386 3221 1
408 3165 438 3222 et
453 3158 636 3240 sartaginem
650 3159 672 3219 1.
690 3157 851 3219 Parrochia
867 3156 1031 3243 Mulipocd
1049 3175 1115 3220 cum
1132 3154 1267 3218 omnibus

77 3271 268 3358 appendiciis
296 3269 367 3332 suis.
393 3268 497 3333 Stoici
518 3266 696 3330 beneficium
719 3267 862 3330 Pecilioi.
888 3265 920 3327 ln
936 3264 1099 3328 Parrochia
1121 3263 1270 3329 chremisi

78 3380 232 3447 dimidiam
257 3377 488 3441 decimationem
509 3375 579 3439 nini.
605 3373 834 3460 Tiemcndorph
857 3377 887 3436 et
902 3369 1115 3459 Hdoiodorph
1138 3373 1269 3435 decima·

78 3492 204 3554 tionem.
227 3485 502 3573 Bomuoldespaclr
530 3485 756 3547 decimationem
780 3487 810 3544 et
832 3501 963 3544 mansum
978 3481 999 3548 l.
1021 3479 1267 3567 Frouuindorpln

78 3599 309 3664 decimationem
334 3599 365 3659 et
386 3614 518 3658 mansum
540 3593 562 3656 Ι.
588 3591 794 3680 Gopindorpd
815 3611 947 3654 mansum
969 3589 991 3652 Ι.
1010 3590 1117 3655 Cdetoi
1137 3589 1268 3652 deeima-

77 3711 204 3772 tionem.
229 3703 535 3790 chimannostorpd
557 3723 675 3766 mansos
692 3701 750 3764 llll.
774 3699 1016 3786 Strooeietorpd
1041 3698 1268 3762 decimationem

79 3823 112 3881 et
128 3835 250 3879 mansos
265 3815 299 3878 ΙΙ.
317 3815 477 3878 Zeinaron
493 3832 609 3874 mansos
632 3812 656 3874 ll
675 3815 705 3874 et
724 3809 849 3873 curtalie
866 3809 937 3874 vul.
955 3805 1163 3892 Boreistorpln
1185 3826 1270 3867 man-

79 3947 148 3990 sum
171 3924 183 3986 Ι
206 3921 359 3986 liberalem
382 3920 603 4008 Porcindorpd
625 3939 743 3982 mansos
767 3919 826 3981 ΙΙΙΙ.
851 3917 1073 3983 Ganaaroucld
1094 3914 1270 3978 decimatio-

79 4054 162 4098 nem.
180 4031 382 4118 &ininterpd
399 4051 515 4093 mansos
532 4027 579 4090 111.
596 4028 864 4116 Haqninbrucnin
880 4047 1013 4090 mansum
1029 4025 1052 4088 1.
1070 4023 1215 4108 Manoipia
1233 4022 1270 4086 de

79 4143 262 4218 mathocca,
279 4139 386 4224 quibus
399 4140 480 4203 Pero
491 4135 672 4202 camerarius
689 4141 820 4218 preerat.
837 4135 985 4218 Mancipia
998 4133 1153 4221 optineret
1165 4131 1272 4196 Archi-

81 4250 260 4337 presbiteri.
277 4250 336 4312 lsta
350 4267 407 4332 que
420 4253 562 4310 secuntur
574 4247 668 4308 ceteri
683 4245 787 4308 fideles
804 4245 1001 4308 contulerunt.
1012 4242 1188 4331 Flinopaod
1206 4261 1273 4305 cum

80 4362 161 4426 silua
178 4366 210 4423 et
225 4357 394 4422 molendino
411 4361 441 4419 ct
458 4353 593 4418 omnihus
602 4353 787 4438 appendiciis
805 4355 877 4422 suis.
894 4352 1100 4442 Eppinberclt
1115 4371 1181 4414 cum
1197 4349 1272 4413 silua

79 4476 112 4536 et
128 4467 227 4534 vineis
244 4472 275 4531 et
290 4466 431 4550 pomariis
448 4471 478 4528 et
494 4463 631 4529 omnibus
653 4462 839 4546 appendiciis
866 4465 937 4526 suis.
954 4461 1183 4548 Lannindorpd
1204 4479 1272 4524 cum

79 4577 241 4664 mancipiis
258 4580 288 4640 et
300 4575 395 4642 uineis
412 4578 443 4638 et
454 4572 589 4638 omnibus
602 4571 787 4655 appendiciis
799 4571 870 4636 suis.
889 4571 1194 4658 Wiscdartioprucca
1206 4587 1273 4632 cum
