3074 5094
1172 345 1263 476 ¹327

71 577 227 641 beatorum
255 578 341 671 Petri
365 586 395 642 et
424 576 508 641 Pauli
536 576 739 660 apostolorum
764 575 829 638 eius
858 595 892 638 se
918 577 1037 639 nouerit
1064 577 1265 639 incursurum.

8 677 11 684 '
70 685 176 748 Datum
196 685 324 750 Viterbii
346 687 380 749 ll.
399 685 499 749 Nonas
521 686 659 768 Augusti.
696 681 890 746 Pontificatus
919 685 1016 746 nostri
1041 685 1125 747 Anno
1154 685 1264 748 Primo.
1319 692 1322 698 '

137 811 269 864 Bleibulle
290 829 324 865 an
340 811 497 880 gelbrotben
512 809 698 864 Seidenfaden.
713 839 747 848 —-
760 809 843 878 Papst
855 807 981 860 Nikolaus
994 807 1036 864 111.
1052 809 1142 862 wurde
1157 809 1267 862 erwiblt

67 901 147 961 1277,
171 903 216 957 at.
233 899 298 957 Nov.
312 931 345 940 -
359 901 473 969 gehrbnt
493 899 572 961 1277,
591 899 635 953 26.
655 899 718 954 Dec.
734 929 764 937 -
781 899 852 950 starb
872 897 951 957 1280,
969 897 1011 951 22.
1033 897 1144 968 August.

628 1103 709 1173 LlX.

7 1251 9 1256 ’
64 1242 138 1300 itta.
168 1242 214 1300 28.
241 1241 326 1314 April.
350 1239 598 1310 Kltsltrntttlturg.
625 1268 659 1278 -
687 1239 784 1309 Propst
813 1238 883 1290 Pabo
913 1237 965 1290 und
1001 1238 1048 1292 das
1074 1239 1177 1310 Capite}
1215 1257 1264 1292 von

7 1361 8 1368 ν
63 1335 299 1403 Klosterneuburg
319 1334 474 1386 dherlassen
494 1331 554 1384 dem
572 1331 673 1384 Notare
692 1329 816 1394 Gebhard
842 1329 895 1382 und
920 1330 1011 1382 seinen
1029 1330 1116 1383 Erben
1136 1329 1177 1384 ein
1196 1331 1264 1385 Joch

245 1425 416 1494 weingarten
437 1425 463 1476 in
482 1423 618 1494 Erbpacbt
635 1423 713 1474 unter
735 1421 867 1490 gewissen
886 1419 1083 1492 Bedingungen.

414 1523 482 1581 [Cod.
501 1523 686 1580 Privilegiorum.
704 1523 754 1567 Fol.
772 1522 812 1576 81,
830 1521 920 1579 verse]

160 1659 226 1722 Nos
250 1659 336 1723 Pado
359 1658 407 1720 dei
430 1657 535 1738 gracia
559 1656 903 1740 Preposhustotusqroe
934 1654 1105 1718 Conventus
1128 1656 1267 1721 Ecclesia

64 1767 328 1848 Neumburgensis
361 1765 398 1828 ad
429 1765 570 1844 noticiam
602 1763 788 1846 singulorum
819 1763 898 1826 hanc
930 1763 1060 1826 litteram
1088 1765 1266 1840 intuentium

7 1941 16 1962 p
66 1877 206 1960 cupimus
217 1873 386 1957 pervenire,
398 1873 525 1957 quodde
536 1873 622 1936 vinea
635 1867 879 1960 llbingrnweff)
894 1874 1062 1953 nuncupata
1072 1873 1107 1935 ad
1117 1871 1266 1955 hospitale

64 1991 204 2048 nostrum
224 1983 397 2066 pertinente
415 1981 586 2046 defectibus
604 1980 820 2064 inpellentibus
837 1983 866 2042 in
886 1979 1003 2045 cultura
1019 1979 1160 2062 neglecta
1178 1981 1265 2054 adeo,

63 2091 146 2176 quod
170 2090 268 2154 nullos
292 2090 478 2172 potuerimus
503 2091 620 2152 fructus
643 2091 805 2172 percipere
830 2111 866 2152 ex
891 2089 1014 2162 eadem,
1041 2091 1106 2151 viro
1130 2089 1264 2152 discreto

64 2201 186 2265 domino
206 2199 374 2263 Gebhordo
390 2197 515 2261 Notario
533 2202 564 2260 et
580 2196 643 2259 suis
660 2195 824 2260 heredibus
837 2195 988 2260 universis
1006 2196 1042 2258 ad
1056 2197 1150 2279 ipsius
1162 2202 1264 2279 partes

63 2327 154 2389 unum
178 2308 268 2388 inger
290 2325 326 2368 eo
349 2308 431 2378 iure,
461 2305 539 2390 quod
564 2304 732 2386 vulgariter
740 2304 936 2390 perobrccht
953 2296 1071 2377 dicitur,
1089 2304 1263 2368 donavimus

63 2420 216 2500 perpetuo
232 2412 450 2496 possidendum
462 2414 515 2485 ita,
530 2412 611 2498 quod
626 2412 707 2476 idem
726 2413 912 2478 Gebhordus
928 2411 1090 2488 vendendi,
1108 2407 1263 2494 obligandi
1303 2475 1306 2479 ,

7 2559 25 2607 p-
65 2528 95 2588 et
107 2521 338 2606 quomodolibet
349 2520 498 2584 alienandi
515 2520 755 2603 plenamhabeat
771 2519 954 2592 facultatem,
979 2521 1027 2583 his
1043 2525 1142 2582 tamen
1159 2521 1265 2584 condi-

7 2650 26 2700 te
65 2630 204 2696 tionibus
225 2650 284 2692 non
316 2629 582 2712 obmissis,quod
610 2629 726 2692 atesto
754 2630 787 2691 B.
814 2629 974 2692 Michaelis
1004 2629 1103 2692 futuro
1131 2631 1265 2712 proxime

65 2746 196 2824 quatuor
213 2739 298 2800 annis
315 2738 466 2802 continuis
489 2735 681 2800 transvolutis
699 2736 838 2820 predicto
854 2735 998 2820 hospitali
1015 2743 1083 2800 octo
1108 2757 1182 2801 urne
1205 2739 1266 2801 vini

65 2847 188 2910 nomine
213 2847 296 2910 luris
325 2848 455 2908 montani
479 2851 509 2908 et
541 2864 596 2926 pro
619 2845 744 2906 Decima
773 2847 857 2908 annis
881 2845 1007 2927 singulis
1029 2846 1058 2908 in
1085 2851 1264 2928 perpetuum

7 2985 26 3052 p
68 2957 252 3019 serviantur.
292 2954 328 3018 At
355 2955 380 3016 si
402 2972 599 3036 possessores
622 2952 790 3016 huiusmodi
815 2955 903 3017 vinee
927 2953 1019 3017 finitis
1048 2953 1133 3015 annis
1157 2953 1265 3038 quibus

8 3095 29 3164 p
63 3068 174 3126 vacant
191 3061 331 3133 servicio,
355 3065 514 3144 postquam
532 3061 649 3124 servire
666 3061 815 3144 ceperint,
835 3061 981 3144 deinceps
997 3081 1054 3144 per
1071 3061 1146 3124 duos
1164 3063 1264 3124 vinum

11 3208 29 3270 p
63 3173 247 3235 nominatum
262 3168 477 3252 hospitalariis,
491 3169 542 3252 qui
554 3189 609 3252 pro
622 3172 758 3252 tempore
771 3171 893 3240 fuerint,
908 3169 1097 3248 neglexerint
1109 3168 1262 3242 exhibere,

8 3329 31 3384 pp
64 3275 100 3344 ex
117 3286 191 3343 tunc
207 3281 273 3362 ipsa
295 3278 381 3340 vinea
399 3275 436 3338 ad
465 3277 654 3360 sepedictum
671 3279 822 3362 hospitale
847 3275 1031 3361 quibuslibet
1048 3277 1265 3341 contradictio·

16 3431 31 3450 -.
66 3389 155 3452 nibus
182 3391 220 3450 et·
237 3384 447 3449 occasionibus
467 3387 643 3468 postpositis
661 3385 757 3449 libere
775 3385 952 3450 devolvatur
968 3389 999 3448 et
1014 3386 1167 3468 pertineat
1183 3389 1263 3450 omni

11 3545 32 3604 pp
29 3498 142 3567 iure,
169 3494 259 3558 nullis
277 3492 509 3578 possessoribus
527 3495 653 3556 servatis
675 3494 871 3573 regressibus
888 3494 925 3556 ad
943 3493 1079 3558 eandem.
1103 3493 1143 3556 Ut
1164 3501 1262 3558 autem

7 3657 35 3718 p
19 3605 205 3708 ppredicta
237 3603 357 3666 donatio
387 3605 533 3684 perpetuo
567 3607 686 3664 maneat
716 3603 890 3666 inconvulsa
916 3608 1090 3684 presentem
1122 3603 1261 3685 paginam

30 3717 238 3780 nostrorum
261 3709 429 3792 sigillorum
446 3709 606 3772 munimine
630 3709 800 3774 roboratam
819 3711 936 3794 prefato
960 3711 1127 3776 Gebhardo
1151 3715 1181 3772 et
1197 3711 1261 3773 suis

21 3819 232 3924 pheredibus
265 3817 401 3880 duximus
431 3817 683 3898 assignandam
674 3841 705 3881 m
740 3820 857 3900 signum
888 3819 1014 3882 evidens
1045 3825 1076 3881 et
1104 3819 1260 3882 cautelam.

7 3885 178 3992 epoptes
195 3931 280 3990 sunt.
312 3926 454 3989 Dominus
474 3927 807 3998 Wol‚tbernedecanus
835 3929 875 3993 Ot
877 3932 1035 3998 t,ocustos
1058 3927 1260 3998 Μζννζιανιζ333,

7 3763 36 3940 pl

7 3980 36 4161 l?
36 4039 140 4104 Otto
174 4034 372 4118 hospitalarii,
403 4035 550 4106 Jacobua
583 4037 777 4113 Hadmcrus,
808 4039 910 4124 Helge,
943 4037 1099 4106 Albaniue.
1128 4037 1262 4108 Utricus,

7 4105 218 4272 plomlfm’
236 4145 408 4213 Dictricne.
426 4145 598 4219 Hanriccc
614 4146 813 4216 Cbnnrcdaa
833 4147 978 4216 Wiaacto,
996 4147 1126 4220 Paulus,
1153 4163 1258 4206 saeer-

7 4223 164 4381 Ιῑὲὠζοζθε.
199 4253 356 4334 onulfus,
391 4253 569 4328 Metricos,
599 4255 744 4342 deperata
779 4255 909 4316 diaconi.
943 4253 1087 4316 Dominus
1114 4253 1258 4316 Ditricus

7 4316 101 4425 l‘lde
119 4362 361 4444 Oboellcnpcrye,
395 4359 493 4425 Cholo
518 4360 665 4432 officialis,
685 4363 831 4444 Magister
858 4364 937 4428 Wate
937 4363 1042 4432 herus,
1068 4361 1257 4425 Fridcriccs

7 4455 231 4586 ¹pplisitatoch,
248 4467 371 4532 Utrocua
388 4466 670 4553 derm‘tacndorf,
683 4473 867 4546 Rudwincs,
881 4473 908 4536 ζ
907 4471 1071 4536 henredus
1086 4468 1258 4555 Cholpech‚

22 4530 210 4666 lhoperoa
240 4576 383 4649 notarius,
405 4579 607 4642 Hermonassa
638 4579 757 4654 Ymirn,
775 4585 806 4642 et
831 4579 882 4642 alii
899 4579 957 4643 tide
975 4577 1069 4659 digni.
1102 4577 1209 4640 Datum
1229 4580 1260 4639 et

7 4419 44 4495 nt

7 4648 44 4716 pltll
