3094 5094
266 385 316 456 96

267 559 406 625 Goawin.
434 558 603 624 Heinrich.
632 561 664 622 at
686 558 774 643 filius
800 557 869 623 eius
896 555 1087 624 Warinhnrt.
1115 557 1283 623 Heriman.
1314 556 1466 622 Rahwin.

267 669 349 734 orto.
373 667 526 734 Hartwia.
550 667 699 754 Piliprim
716 670 747 730 at
757 669 864 750 frater
880 664 947 730 eiua
967 665 1135 753 Weripant.

754 850 978 922 CCCLXVlll.

358 989 504 1054 Nnueriut
526 990 658 1054 uniuersi
676 989 825 1056 catholiea
849 989 919 1054 fidei
942 988 1021 1073 quod
1043 987 1171 1084 quidam?
1183 988 1342 1075 inpensius
1364 987 1467 1052 hamo.

269 1100 308 1165 N.
325 1101 447 1165 Edran.
465 1097 619 1182 delegauit
635 1117 729 1180 super
745 1098 839 1162 altere
855 1098 887 1161 S.
901 1097 998 1160 Marie
1015 1116 1101 1160 amne
1117 1095 1254 1181 predium
1266 1116 1353 1161 suum
1372 1096 1469 1160 dami-

269 1207 367 1272 uieale
382 1226 473 1271 unum
490 1207 526 1270 ad
543 1206 750 1272 atachintnlle.
774 1212 805 1270 et
828 1205 901 1270 aliut
921 1205 958 1268 ad
977 1205 1116 1271 Chamba
1138 1223 1205 1269 cum
1221 1204 1307 1268 uinea
1326 1225 1395 1267 una.
1413 1203 1469 1266 sed

269 1321 299 1380 et
323 1317 413 1380 XXX.
437 1316 584 1398 mancipia
610 1315 648 1380 oh
665 1334 787 1378 censum
804 1314 952 1378 annuatim
968 1313 1152 1378 soluendum.
1171 1333 1206 1377 en
1222 1316 1329 1376 tenore
1351 1313 1379 1374 si
1402 1313 1469 1396 ipse

270 1424 384 1509 absque
400 1423 514 1488 herede
530 1423 638 1488 obiret.
656 1423 788 1488 ecelesia
808 1421 873 1486 illut
896 1423 962 1484 iure
983 1427 1131 1506 perpetuo
1157 1420 1340 1505 possideret.
1373 1420 1468 1483 Huius

270 1552 378 1616 nempe
392 1530 560 1594 traditionis
577 1535 673 1596 testes
686 1534 788 1596 extant
802 1530 854 1593 hii.
877 1531 1044 1596 Hadamar
1056 1532 1096 1596 de
1105 1529 1312 1617 Chauriapin.
1335 1528 1470 1614 Wolflier

272 1641 313 1706 de
328 1641 512 1728 leugianelt.

780 1769 972 1842 CCCthX.

363 1909 509 1974 Noueriut
526 1929 630 1973 ornnes
649 1907 763 1973 Christi
779 1908 886 1972 fideles
903 1908 1033 1992 qualiter
1052 1907 1178 1993 quedam
1194 1913 1342 1972 matram
1357 1909 1470 1974 relicta

173 2057 175 2060 ·
273 2018 452 2106 Sipihurdi.
477 2017 513 2082 N.
540 2016 716 2083 Wllibirel
737 2017 891 2100 delegauit
916 2037 1009 2102 super
1037 2014 1131 2079 altare
1156 2014 1188 2078 S.
1213 2014 1309 2080 Marie
1337 2036 1471 2080 mansum

273 2147 364 2191 unum
381 2127 418 2190 ad
430 2127 630 2212 frawinclors
638 2145 704 2189 eum
722 2145 809 2188 manu
821 2125 885 2211 filii
898 2125 950 2190 eui
963 2113 1133 2213 Sipilurdi
1147 2131 1179 2188 et
1189 2125 1257 2210 filia
1273 2147 1331 2190 ene
1342 2125 1469 2190 Berhte.

275 2257 370 2322 quam
400 2236 508 2300 eodem
541 2233 595 2298 die
622 2233 686 2300 hue
713 2233 850 2298 tradidit
881 2234 1079 2300 educandam
1109 2234 1144 2298 in
1170 2234 1226 2298 dei
1253 2239 1380 2314 (diuino)
1407 2255 1472 2300 eer-

275 2344 354 2410 uitio
357 2387 566 2408 .......

787 2473 965 2546 CCCLXX.

369 2613 516 2678 Nnuerint
538 2633 641 2677 omnes
662 2613 693 2676 in
718 2610 839 2678 Christo
865 2612 1026 2678 eredentes
1048 2610 1176 2696 qualiter
1199 2611 1318 2696 quidam
1345 2612 1476 2677 derare

281 2722 488 2796 Ohadalhaah
504 2742 598 2804 super
614 2719 707 2784 altare
724 2720 757 2784 S.
772 2721 866 2785 lllarie
883 2719 1046 2802 delegauit.
1064 2721 1126 2786 VX.
1145 2727 1215 2798 (sim
1234 2727 1291 2782 fors
1303 2726 1378 2798 XV.)
1392 2740 1476 2786 man·

281 2833 359 2914 eipia
377 2851 443 2894 num
460 2850 547 2892 mann
562 2830 678 2895 umoris
699 2851 756 2894 aaa
770 2829 937 2917 Irmqarda
958 2849 1013 2912 pru
1030 2827 1066 2892 V.
1084 2830 1216 2895 denariis
1240 2829 1395 2894 annuatim
1418 2827 1476 2893 sul·

281 2937 411 3003 nendum
436 2937 491 3002 suh
519 2939 576 3002 hau
605 2937 778 3024 conditione
806 2942 839 3001 ut
860 2939 887 3001 si
908 2937 1006 3001 trihus
1029 2939 1114 3002 annis
1136 2940 1257 3004 soluere
1277 2937 1476 3021 neglexerint.

281 3052 430 3132 perpetuo
454 3046 598 3129 deinceps
620 3045 733 3110 ibidem
757 3047 895 3110 seruituti
918 3043 1103 3108 subiaceant.
1130 3045 1262 3128 Quarum
1284 3048 1407 3110 nomina
1423 3046 1477 3110 hen

282 3161 361 3220 sunt.
388 3153 534 3219 Woltlrer.
560 3153 685 3218 Mathilt.
703 3160 734 3216 et
751 3151 830 3218 tilius
847 3156 911 3218 eius
929 3153 1075 3238 sigihart.
1101 3154 1217 3218 Bertnlt
1241 3160 1272 3219 et
1295 3156 1393 3218 irater
1417 3155 1476 3218 eius

282 3263 427 3346 Sigihart.
454 3263 595 3326 Chunrat.
621 3263 775 3326 lleinriah.
802 3259 944 3325 Chimrnt.
970 3261 1140 3325 Friderieh.
1161 3262 1344 3345 ltleginhart.
1364 3261 1476 3326 Judiht.

284 3351 389 3435 Eleius
409 3370 472 3457 (l).
496 3371 629 3435 Gemma.
653 3371 754 3434 Liuza.
781 3367 884 3434 (diutili.
909 3371 1003 3433 Huius
1020 3371 1066 3432 rei
1082 3374 1179 3434 testes
1196 3370 1322 3434 adhibiti
1340 3375 1412 3435 sunt
1427 3388 1477 3453 per

285 3498 385 3542 aurem
408 3479 507 3542 tracti.
532 3479 717 3567 Mepinhart
737 3479 778 3544 de
798 3478 887 3542 Ama.
911 3478 1079 3544 Hartwiah
1102 3479 1143 3543 de
1163 3478 1347 3566 Rastinyin.
1376 3479 1476 3542 Tiemn

204 3633 205 3636 κ
285 3589 325 3653 de
353 3564 643 3654 ddalaiehaeirahe.
673 3586 866 3674 Enpilpreht
890 3587 930 3650 de
956 3607 1038 3650 rore.
1068 3586 1237 3673 Bndpreht
1262 3587 1303 3652 de
1325 3586 1474 3670 fuehhoa.

285 3695 396 3758 Eadem
409 3695 482 3760 hora
496 3697 688 3779 supradictus
703 3693 908 3760 Chadalhoeh
921 3698 952 3758 et
962 3715 1049 3759 naor
1061 3694 1128 3759 eiam
1140 3693 1287 3759 dederunt
1300 3693 1338 3756 ad
1356 3694 1475 3758 eundem

285 3804 401 3868 titulum
417 3805 534 3867 uineam
549 3825 637 3869 unam
654 3803 691 3868 ad
707 3807 918 3891 Paumparten
935 3804 1022 3866 sitam
1039 3800 1095 3866 sub
1111 3803 1236 3885 prelatis
1258 3801 1399 3868 testibus.
1416 3803 1477 3887 pest

287 3912 401 3977 ahitum
417 3931 501 3978 suum
518 3913 548 3976 in
565 3933 660 3978 usum.
677 3916 710 3976 ut
725 3911 893 3995 predictum
911 3916 967 3974 est.
984 3908 1057 3974 inihi
1074 3909 1131 3975 den
1148 3910 1356 3974 seruientium.

791 4095 984 4168 cccuxxl.

379 4235 442 4300 lloe
471 4255 589 4321 quoque
615 4235 758 4298 memorie
785 4233 984 4298 mandandum
1016 4232 1095 4318 quod
1123 4231 1243 4316 quidam
1270 4233 1418 4299 clericam.
1444 4230 1478 4298 Ν.

291 4344 472 4411 Gotisaalhe
486 4344 575 4408 nodia
590 4364 625 4408 ae
634 4349 712 4429 pont
726 4342 761 4407 in
776 4341 944 4430 spirituali
964 4340 1074 4406 hahita
1089 4341 1225 4406 anniane.
1248 4339 1376 4406 tradidit
1397 4357 1482 4425 super

288 4452 367 4518 idem
395 4453 491 4516 altare
517 4451 696 4535 mancipium
721 4469 811 4514 unum
839 4452 869 4514 in
897 4449 1051 4533 proprium
1076 4448 1248 4523 seruieium.
1271 4447 1309 4512 N.
1332 4449 1482 4514 Euuiman.

290 4560 417 4623 alterum
433 4576 560 4644 quoque.
577 4559 613 4621 N.
632 4558 777 4622 Wielant.
796 4577 850 4641 pro
867 4557 987 4620 tributo.
1005 4556 1040 4619 V.
1058 4556 1262 4622 denariorum.
