3076 5094
1183 374 1258 446 263

571 559 573 570 “
633 557 714 628 VIII.

80 693 152 766 ute,
172 693 257 753 tirou.
272 725 305 734 -—
318 695 474 766 Regiumar,
500 694 611 748 Bischol
632 713 681 748 von
705 695 819 755 Passau,
844 692 988 760 besltIiget
1012 691 1085 746 Alios
1113 710 1167 748 uae
1191 691 1265 746 aeine

80 786 236 858 Vorgtugar
248 787 316 840 nach
329 786 462 855 Gdttwaig
476 786 596 856 gegeben
608 785 703 844 haben,
717 783 769 838 und
781 784 840 854 fogt
852 783 943 838 diesen
956 783 1056 838 tlteren
1070 783 1264 854 Schenhungen

81 876 132 930 den
146 877 247 930 Zehent
264 877 430 946 roncinigen
445 875 662 948 neugepllanzten
674 872 845 946 Weingtrten
857 875 883 928 in
896 875 944 928 der
956 874 1045 928 Plarre
1058 875 1168 928 Kreme
1181 875 1266 928 hinnu.
1286 873 1288 880 ’

607 984 744 1047 [OrigInal.]

172 1086 218 1150 Nc
234 1085 402 1151 volubilitas
418 1090 449 1150 et
465 1087 624 1171 antiquItas
640 1093 805 1169 temporum
822 1107 838 1149 a
854 1086 994 1150 memoria
1014 1083 1114 1148 deleat
1129 1089 1266 1168 postero-

80 1216 147 1260 rum
167 1214 225 1279 ego
241 1196 452 1283 Rapiamoruo
468 1195 651 1279 pataviensis
669 1191 801 1259 ecclesie
817 1196 978 1278 episcopus
998 1193 1139 1280 quicquid
1155 1192 1266 1278 prede-

82 1325 192 1370 cessor
206 1323 291 1369 meus
308 1304 406 1368 felicis
423 1304 565 1368 memorie
586 1305 771 1370 Altmouuua
792 1304 951 1388 episcopus
972 1323 1007 1364 ex
1023 1302 1170 1366 reditibus
1193 1302 1266 1376 suis,

79 1413 255 1486 beneficiis,
278 1411 435 1486 ecclesiis,
465 1411 724 1484 decimationibus,
751 1409 860 1484 vineis,
882 1411 976 1483 villis,
1005 1411 1112 1494 pratis,
1137 1409 1268 1496 pascuis,

78 1521 266 1598 nemoribus,
284 1522 372 1586 cultis
389 1526 420 1584 et
434 1519 553 1585 incultis
568 1521 765 1609 kotooipcosi
779 1521 910 1586 ecclesie
920 1519 1049 1592 tradidit,
1063 1525 1094 1583 et
1109 1539 1269 1584 successor

79 1631 147 1694 eius
174 1605 344 1696 (ldulricuc
366 1631 527 1714 episcopus
544 1631 696 1694 consensit
715 1635 746 1692 et
762 1627 956 1702 confirmauit,
974 1629 1115 1692 canonica
1137 1629 1268 1692 auctori-

79 1745 144 1803 tate
163 1738 334 1804 confirmavi
346 1745 376 1802 et
392 1737 483 1820 sigilli
496 1738 554 1801 mei
567 1738 762 1822 impressione
775 1738 924 1802 renovavi.
939 1737 1018 1801 litut
1030 1738 1059 1801 in
1072 1744 1154 1801 terra
1166 1738 1268 1803 riven-

78 1851 155 1912 tium
177 1853 291 1932 partem
308 1869 375 1912 curn
392 1847 436 1910 eis
454 1846 605 1919 haberem,
622 1847 847 1912 decimationem
869 1845 1050 1930 quarundam
1065 1846 1214 1910 vinearum
1237 1847 1268 1909 in

78 1957 244 2042 parrochia
257 1957 404 2022 chremici
414 1956 453 2042 ¹),
470 1961 539 2040 post
548 1956 737 2020 traditionem
749 1955 829 2020 illam
843 1976 937 2040 usque
949 1955 987 2020 ad
1002 1961 1135 2020 nostrum
1151 1961 1270 2040 tempus

79 2065 295 2150 plantatorum,
311 2069 516 2150 prenominata
532 2065 663 2130 ecclesie
678 2065 805 2136 tradidi,
829 2071 859 2128 et
875 2065 960 2128 istius
977 2066 1086 2148 pagine
1101 2063 1271 2127 testimonio

80 2175 270 2240 confirmari.
289 2175 480 2238 Traditioues
494 2179 590 2240 autem
607 2180 675 2237 sunt
687 2174 726 2237 he
740 2172 918 2257 subscripta.
936 2171 1097 2236 Parrocbia
1108 2173 1271 2238 mattario.

80 2305 152 2349 curn
176 2283 292 2368 capella
315 2289 346 2347 et
368 2284 437 2348 dote
460 2289 577 2349 etcum
600 2283 734 2347 omnibus
758 2265 945 2368 appendiciis
968 2281 1028 2346 suis
1046 2289 1169 2366 excepta
1185 2289 1271 2366 parte

79 2393 294 2458 decimationis
311 2414 368 2478 que
384 2394 515 2476 pertinet
537 2393 573 2456 ad
596 2397 731 2457 sanctum
745 2391 910 2455 Nicolaum.
934 2389 1095 2456 Parrochia
1110 2391 1272 2458 Mulidoloc

83 2523 156 2568 cum
174 2502 361 2586 appendiciis
374 2503 446 2566 suis.
464 2501 623 2566 Parrochia
639 2501 867 2588 pirclcubicum
885 2501 1014 2564 ecclesia
1026 2497 1271 2590 michilpahcr).

84 2618 118 2676 et
132 2631 201 2676 cum
211 2609 398 2694 appendiciis
408 2610 480 2674 sois.
494 2610 653 2674 Parrochia
663 2611 796 2684 chutici,
807 2630 863 2696 que
876 2614 924 2674 est
935 2615 1105 2675 constructa
1117 2611 1147 2672 in
1159 2629 1273 2682 manso,
1366 2624 1367 2628 ’

83 2740 178 2806 quem
195 2721 329 2784 Richiaa
345 2719 438 2792 dedit,
463 2719 500 2782 ad
517 2712 603 2805 quam
627 2719 854 2810 decimationem
869 2719 1038 2786 terminavit
1053 2719 1222 2786 hoomtctio
1246 2725 1276 2784 et

83 2829 248 2894 mauram.
265 2829 308 2892 Ad
325 2831 477 2893 mattarios
491 2827 648 2894 Acidinum
664 2833 694 2892 et
709 2829 867 2894 Acidinum
883 2828 981 2892 alium.
1000 2877 1006 2890 .
1026 2877 1033 2892 .
1066 2827 1155 2916 etot)

183 2935 351 3001 Ecclesiam
368 2937 475 3002 nulicd
491 2957 558 3000 cum
575 2936 645 3000 dote
662 2943 692 3000 et
707 2947 794 3022 parte
811 2938 1018 3002 decimationis
1036 2945 1067 3002 et
1083 2937 1217 3002 omnibus
1240 2937 1275 2999 ad

25 3099 27 3104 .
85 3068 159 3111 eam
172 3045 389 3130 pertinentibus
402 3047 481 3109 elcut
499 3047 673 3130 Wolslccracs
688 3045 843 3118 habuerat,
860 3052 891 3110 et
907 3048 1132 3111 decimationem
1150 3047 1185 3110 ad
1205 3049 1278 3111 urt-

82 3155 188 3246 purlc.
215 3154 250 3217 Si
273 3155 338 3238 quis
356 3155 409 3218 has
433 3155 609 3218 traditiones
633 3163 663 3216 et
680 3159 810 3217 nostram
835 3155 1087 3220 confirmationem
1111 3147 1279 3236 intringere

87 3263 298 3348 temptauerit,
314 3263 424 3328 iudicio
441 3263 537 3328 sancti
554 3263 678 3348 spiritus
695 3264 734 3325 sit
750 3263 943 3327 anathematis
959 3265 1055 3328 iaculo
1068 3263 1238 3347 perculsus.

559 3381 626 3439 [hoc.
645 3379 721 3438 signu
737 3380 816 3439 impr.]

170 3469 223 3523 Das
243 3469 434 3540 aulgedriichte
454 3470 625 3524 hischdtliche
645 3469 735 3539 Siegel
754 3469 789 3522 ist
808 3487 874 3539 ganz
893 3469 959 3524 wohl
983 3470 1109 3524 erhalten.

169 3559 202 3630 l)
222 3559 378 3632 llergleiche
397 3560 529 3614 Saalbuoh
548 3559 593 3613 Nr.
608 3557 763 3614 ccxxxvi.
785 3557 936 3614 CCLlllllll.

167 3649 201 3720 2)
222 3651 301 3704 Siehe
320 3651 363 3704 die
381 3651 575 3720 nachiolgende
595 3652 728 3704 Urlrunde.

170 3741 204 3812 3)
224 3741 279 3794 Von
299 3738 358 3794 hier
376 3741 467 3796 woiter
486 3741 640 3796 wiederholt
659 3741 715 3796 sich
729 3743 777 3796 der
796 3743 881 3796 lnhalt
903 3743 951 3796 der
964 3742 1087 3798 fritherun
1100 3742 1283 3798 bischdllichen

93 3832 258 3910 Urkundcn,
272 3849 321 3886 nur
339 3832 525 3888 unbedeutend
545 3834 570 3886 in
590 3833 639 3888 der
658 3832 812 3888 Schreibart
831 3833 1008 3890 abweichcnd.

670 3969 720 4038 Ill.

94 4103 178 4175 1124,
203 4101 287 4161 tirou.
314 4135 347 4143 -
381 4103 507 4159 Derselbe
540 4105 685 4159 versichert
712 4105 763 4159 den
787 4106 1006 4159 lllosterbrddern
1032 4104 1083 4158 den
1107 4105 1194 4160 Recita
1219 4107 1284 4162 aller

94 4194 235 4252 Psameien
253 4195 306 4248 und
320 4195 448 4255 lIiscbeu,
467 4194 509 4248 die
526 4195 564 4249 sie
578 4213 627 4249 von
641 4195 691 4249 den
704 4197 842 4250 Bisehdien
855 4195 976 4250 Altmann
989 4195 1042 4250 und
1055 4195 1143 4250 Ulrich
1156 4199 1284 4262 erhulten,

188 4284 241 4340 und
253 4285 376 4358 iibergibt
388 4284 465 4340 ihuen
479 4287 546 4340 auch
560 4287 602 4342 die
622 4304 671 4342 neu
684 4286 825 4342 errichtcte
837 4286 927 4342 Plarre
940 4305 973 4340 au
986 4287 1068 4342 llich
1077 4287 1202 4342 elbach.

627 4397 761 4458 [Original]

192 4495 301 4562 Notum
313 4498 353 4562 sit
364 4497 479 4562 cunctis
491 4506 596 4562 sancte
608 4499 709 4562 matris
721 4499 854 4564 ecclesie
867 4499 947 4572 tiliis,
961 4499 1086 4584 qualiter
1098 4519 1154 4582 ego
1166 4467 1284 4588 Rapio-

97 4629 209 4674 moracc
223 4605 274 4672 dei
285 4605 384 4691 gratia
400 4605 582 4690 patauieusis
594 4607 728 4673 ecclesie
740 4610 901 4694 episcopus
913 4629 1016 4673 omnes
1028 4607 1203 4692 parrochias
1217 4629 1284 4676 cum
