3122 5096
1212 375 1257 448 71

78 562 194 645 ipsorum
210 559 340 643 quedam
357 557 506 622 beneficia
522 557 668 622 subtraxi.
689 555 804 640 reliqua
820 574 894 619 uero
911 573 971 640 que
988 553 1085 617 adhuc
1101 552 1261 637 possidere

76 668 248 734 uidebantur.
265 668 343 751 ipsis
359 671 390 731 et
405 668 474 731 filiis
490 687 594 731 eorum
610 665 793 750 possidenda
810 665 960 728 concessi.
986 663 1025 726 Et
1040 683 1078 725 ne
1095 683 1153 747 qua
1170 663 1260 727 dein-

79 797 143 861 ceps
158 776 363 840 controuersia
379 777 487 841 emnde
504 775 578 838 oriri
600 775 708 858 possit.
732 777 816 837 carte
831 793 898 836 mee
915 771 1115 854 inscriptione
1131 771 1258 837 firmani.

82 891 108 950 et
121 884 236 951 donnini
253 881 419 951 Obuiurudi
429 883 633 972 pataviensis
649 882 796 970 episcopi
810 882 989 946 auctoritate
1004 877 1130 944 firmani.

554 1068 779 1140 CCLXXXIH.

109 1239 112 1244 Δ
155 1209 199 1273 Ad
215 1209 399 1292 presentium
413 1207 668 1272 confirmationem
685 1211 716 1270 et
731 1211 923 1291 posterorum
940 1204 1211 1268 commonitionem.
1229 1208 1261 1266 et

78 1317 262 1381 omnimodam
283 1319 345 1382 litis
369 1317 598 1400 diremptionem
614 1316 727 1380 litteris
743 1315 888 1380 memorie
904 1313 1101 1396 imprimimus
1120 1331 1261 1375 concam·

76 1425 148 1490 bium
162 1425 337 1509 prediorum
350 1425 429 1510 quod
442 1425 552 1488 lactum
567 1429 614 1486 est
629 1426 709 1487 inter
724 1425 834 1488 fratres
850 1423 1051 1510 leotwipeusio
1063 1421 1259 1486 monosterii.

76 1535 272 1600 etdomiuum
291 1535 455 1621 Otuprium
478 1533 693 1596 marchionem
708 1535 749 1598 dc
763 1533 844 1598 stiri.
872 1551 948 1594 anno
972 1531 1188 1594 incarnationis
1205 1528 1262 1592 do-

76 1643 141 1706 mini
156 1642 227 1705 Mill.
247 1641 280 1704 C.
295 1643 370 1704 LXI.
396 1641 476 1705 ldem
493 1660 621 1726 namque
643 1642 787 1707 marolio
809 1646 839 1705 et
858 1662 912 1726 pro
929 1639 1064 1703 remedio
1082 1637 1182 1702 anime
1195 1659 1259 1702 sue.

76 1754 104 1813 et
117 1770 167 1832 pro
182 1751 300 1814 ratione
316 1749 484 1813 concambii
500 1751 667 1814 ecclesium
679 1751 851 1816 sanctiviti
862 1754 893 1812 et
904 1747 1071 1814 ecclesium
1087 1749 1132 1812 ud
1146 1747 1262 1835 lupiu-

75 1859 132 1922 oclt
157 1877 222 1920 cum
252 1857 373 1922 dotibus
401 1857 439 1920 ad
466 1856 534 1920 illas
562 1857 794 1940 pertinentibus.
828 1879 893 1922 cum
921 1856 1059 1920 omnibus
1091 1857 1261 1941 mancipiis.

73 1966 190 2048 prediis.
216 1964 309 2029 cultis
331 1971 362 2029 et
383 1965 515 2029 incultis.
540 1965 635 2029 siluis.
661 1985 801 2050 aquarum
819 1965 1009 2030 decursibus.
1033 1968 1064 2026 et
1080 1965 1206 2048 insuper
1223 1965 1261 2029 ad

73 2075 259 2140 rcidiuucltb
275 2074 407 2159 quinque
419 2074 570 2138 beneficia
582 2075 766 2137 monasterio
780 2073 972 2138 contradidit.
990 2092 1048 2156 quo
1066 2077 1169 2137 contra
1187 2093 1258 2158 pre·

73 2186 144 2248 dium
165 2185 397 2272 adelpersclorf
417 2183 540 2246 dictum.
563 2184 593 2244 in
616 2183 763 2248 murello
786 2183 875 2247 illiue
897 2183 1001 2246 situm
1030 2203 1097 2247 cum
1123 2183 1259 2248 omnibus

72 2293 262 2378 appendiciis.
285 2292 498 2354 amonasterio
520 2294 587 2374 ipse
611 2292 738 2375 recepit.
763 2293 858 2354 Huius
881 2291 1050 2355 concambii
1068 2291 1258 2356 traditionem

70 2403 97 2464 in
112 2423 212 2466 manus
229 2400 383 2466 aduocati
402 2400 505 2485 ipsius
518 2401 707 2483 *monosterii
721 2401 871 2466 Heiuriei
884 2400 975 2465 ducis
990 2401 1113 2464 austrie
1136 2405 1259 2464 contra-

71 2510 147 2575 didit.
166 2511 261 2574 ethis
278 2507 405 2572 testibus
422 2507 619 2572 confirmauit.
645 2509 719 2596 lpse
733 2509 905 2575 Heinricus
922 2509 992 2574 (luc
1008 2509 1105 2574 testis.
1125 2515 1155 2572 et
1170 2531 1258 2576 mur-

70 2620 144 2685 cbio.
167 2619 342 2708 Sipifridua
358 2637 460 2682 comcs
475 2619 515 2681 dc
531 2617 708 2681 liubiuowc.
730 2617 897 2681 biritoldus
922 2636 1024 2680 comes
1041 2623 1071 2681 ct
1088 2617 1175 2701 filius
1192 2619 1261 2708 ciue

68 2728 248 2814 liupodlus.
272 2723 462 2792 Obdurudus
482 2728 522 2790 de
544 2725 670 2790 roobec.
696 2725 832 2812 Wolfper
847 2725 888 2788 dc
902 2726 1038 2790 uuliube.
1068 2725 1259 2793 Adaldcrtus

70 2836 268 2902 Gebcbcrduo
284 2836 421 2901 comites.
438 2836 631 2900 Adulbcrlus
646 2835 687 2898 de
702 2835 806 2921 berpe.
829 2835 915 2898 Pado
932 2835 972 2898 de
987 2833 1116 2898 Suiucc.
1133 2835 1259 2900 Diclri-

68 2963 118 3009 eru
132 2945 172 3009 olc
187 2944 429 3032 udulpcrsdocla.
447 2943 606 3009 Adulbcro
622 2943 661 3007 dc
678 2942 910 3007 cbobuudurcb.
928 2941 1087 3007 Adulbcro
1103 2943 1143 3006 dc
1160 2943 1261 3010 cbuu-

68 3052 145 3140 rinp.
167 3053 341 3118 Heinricua
363 3054 402 3116 dc
424 3053 571 3138 Zcbipcu.
597 3055 628 3113 et
647 3054 770 3135 fratres
786 3051 926 3115 ciusdem
941 3049 1097 3115 Heinrici.
1122 3053 1258 3141 Rupoto.

70 3159 144 3225 ouo.
183 3161 367 3227 Heinricuo.
408 3161 528 3226 Orllicb
559 3162 600 3226 de
630 3161 800 3224 uidiruclt.
838 3161 963 3246 Repeto
995 3161 1035 3223 dc
1072 3163 1260 3248 swubedors.

69 3271 236 3337 Hdnricus
263 3291 396 3335 suarza.
425 3269 643 3334 Eberharduc.
671 3267 840 3334 Adultera.
870 3268 1024 3352 ceterique
1047 3291 1132 3356 quam
1158 3269 1261 3354 plures

68 3378 302 3442 ministerialium
326 3377 409 3441 ducis
439 3382 469 3440 et
489 3377 683 3440 marchionis.
713 3378 794 3441 Duc
817 3397 890 3441 uero
914 3383 1069 3460 acceptam
1092 3379 1261 3443 concambii

67 3487 253 3552 traditionem
283 3485 311 3549 in
340 3506 444 3548 manus
472 3485 593 3571 domiui
614 3459 782 3550 Addlberti
804 3485 899 3553 liberi
919 3486 1055 3552 bominis
1078 3489 1260 3551 monasterio

68 3594 296 3658 confirmandam
319 3592 481 3675 delegauit.
508 3613 595 3678 quam
617 3595 685 3676 ipse
710 3593 921 3657 nichilominus
947 3594 1139 3660 Adulbcrtus
1169 3615 1262 3680 super

67 3701 154 3766 aimre
180 3703 214 3766 S.
235 3701 332 3766 Marte
356 3706 388 3765 ut
410 3701 468 3764 sibi
490 3701 589 3766 fuerat
606 3701 773 3766 contradita
791 3703 955 3766 roborauit.
979 3703 1072 3767 Huius
1097 3704 1143 3767 rei
1164 3708 1260 3768 testes

67 3816 272 3876 accesserunt.
289 3813 356 3895 ipse
371 3811 571 3877 Adalbcrtua.
594 3811 749 3876 Herimau
764 3811 805 3874 cle
821 3809 1014 3876 buutiabeim
1036 3816 1066 3875 et
1083 3813 1170 3896 filius
1193 3813 1262 3878 ciue

66 3921 214 3988 Herraut.
231 3921 397 3986 Hodemor
411 3921 451 3984 cle
466 3919 636 3985 oueibcrcb
653 3924 685 3982 et
701 3919 797 3984 ceteri
815 3938 902 4005 quam
918 3920 1033 4004 plures.

555 4123 779 4196 cccxxxiv.

149 4265 237 4329 Anno
261 4264 298 4328 ab
320 4264 526 4328 incarnatione
548 4263 659 4327 domini
681 4263 756 4329 biill.
770 4261 904 4326 C.L.X.l.
927 4263 993 4328 viii.
1014 4261 1044 4326 k.
1063 4265 1184 4346 augusti
1201 4266 1263 4330 Pe-

66 4371 210 4460 riupcruo
225 4375 269 4438 cle
284 4373 440 4459 Zcmiliup
455 4371 663 4435 ministerialis
679 4372 764 4436 ducis
781 4372 895 4435 austrie
910 4393 1045 4437 uuorcua
1060 4395 1150 4438 mum
1162 4372 1264 4438 Adul-

66 4479 188 4548 beldum
199 4484 232 4546 iu
245 4481 413 4566 poliandro.
427 4481 459 4546 S.
471 4480 567 4544 marie
583 4480 663 4565 apud
679 4501 734 4546 nos
747 4481 900 4565 sepeliens
913 4481 1040 4546 tradidit
1055 4503 1110 4566 pro
1127 4481 1260 4546 remedio

68 4589 158 4656 anime
174 4591 244 4655 eius
262 4593 448 4676 omniumque
462 4593 620 4673 pareutum
637 4609 759 4654 suorum
774 4609 908 4654 mansum
925 4609 1014 4655 unum
1036 4592 1074 4656 ad
1097 4591 1268 4676 alciodorf
