3074 5094
267 394 345 466 338

266 565 543 654 ipsorum'heredes
560 573 650 651 atque
666 568 735 638 mei,
753 569 779 631 si
793 587 868 652 quos
881 587 1095 651 procreauero,
1107 566 1353 650 prenominatum
1368 565 1464 630 Chun-

266 679 379 743 rodum
391 673 570 765 Hdrnpuch
583 696 618 740 ac
632 695 702 738 suos
715 674 846 738 heredes
859 695 989 758 grauare
1001 675 1127 756 insuper
1138 675 1381 757 presumpserit,
1397 673 1462 736 illud

265 805 430 868 grauamen
445 787 522 848 meis
539 782 692 847 laboribus
719 788 748 846 et
766 783 905 866 expensis
922 781 1169 846 accrescentibus
1187 782 1287 846 debeo
1306 783 1346 845 ad
1362 782 1461 845 volun·

264 898 357 958 tatem
377 895 511 977 ipsorum
529 891 694 958 cuonradi
711 890 853 956 videlicet
869 893 900 952 et
919 910 1039 953 suorum
1062 890 1208 954 heredum
1224 890 1369 973 plenarie
1385 909 1462 952 com·

265 1003 399 1086 planare.
424 1001 463 1064 vt
480 1007 577 1065 autem
593 999 730 1082 predicta
752 997 943 1061 manumissio
960 1017 1016 1080 per
1032 1017 1080 1060 me
1096 1018 1132 1060 ac
1148 1018 1231 1060 meos
1249 998 1424 1062 coheredes
1436 1003 1462 1060 el

265 1108 396 1180 heredes
427 1109 457 1171 iu
488 1112 643 1192 posterum
674 1105 887 1170 inuiolabiliter
914 1105 1105 1177 obseruelur,
1133 1109 1311 1188 presentem
1337 1107 1462 1169 litteram

268 1217 369 1298 Sigilli
386 1216 500 1300 proprii
517 1237 552 1280 ac
571 1216 745 1296 Sigillorum
761 1213 947 1277 dominorum
964 1214 1200 1297 subscriptorum
1218 1215 1344 1278 scilicet
1356 1215 1462 1278 domiui

269 1325 417 1390 Leattoldi
432 1323 470 1386 de
488 1323 651 1411 Cbuorinp
666 1325 812 1406 pincerne
827 1323 958 1385 Austrie.
977 1321 1095 1384 Domini
1114 1321 1280 1387 Chunrudi
1296 1321 1339 1384 de
1355 1323 1461 1387 Sume·

264 1429 421 1518 rowesmei
437 1431 548 1514 patrui,
567 1431 733 1496 Chunrodi
743 1431 801 1492 mei
813 1430 914 1494 fratris
928 1431 1002 1493 iussi
1015 1430 1174 1493 munimine
1185 1429 1349 1493 roborare.
1360 1433 1463 1494 Testes

265 1541 353 1604 huius
377 1541 422 1602 rei
440 1544 510 1602 sunt
534 1540 605 1603 Otto
629 1544 659 1601 et
681 1539 897 1624 Murqoordos
920 1539 1031 1601 tratres
1052 1539 1161 1601 domini
1183 1537 1222 1601 de
1243 1538 1462 1602 Wldenotoin.

269 1648 491 1721 Werntardos
514 1646 693 1718 Districue,
723 1647 891 1734 Wolfinpus
909 1649 1019 1709 batres
1042 1663 1076 1710 ac
1105 1645 1215 1708 domini
1238 1645 1278 1708 de
1301 1647 1462 1711 Herculeio.
1507 1673 1509 1676 ⁴

145 1751 148 1757 ¹
264 1756 435 1822 Heinricua
458 1758 488 1817 et
511 1754 701 1818 Cbuorodoa
728 1755 839 1818 iratres
865 1755 939 1818 dicti
966 1755 1004 1818 de
1027 1753 1281 1840 Rcicboltoperp.
1314 1757 1463 1838 Ortolsuo,

263 1865 395 1934 Altero,
418 1862 602 1927 Leutwinoa
627 1863 735 1926 fratres
753 1863 791 1924 de
807 1861 994 1949 Hurnpocb.
1009 1862 1198 1927 Gbunrodus
1214 1868 1244 1924 et
1265 1862 1391 1928 Vltimus
1407 1864 1463 1925 fra-

262 1976 326 2034 tres
343 1971 381 2034 de
396 1972 506 2036 ouen.
536 1971 656 2036 Vlricoo
672 1969 752 2032 lilius
769 1970 881 2034 domini
898 1971 1052 2057 Huponis.
1084 1969 1274 2034 Chromatius
1290 1971 1421 2044 ibidem,
1436 1976 1463 2034 et

264 2079 315 2142 alii
330 2099 417 2164 quam
433 2079 546 2160 plures.

354 2188 430 2248 Acta
448 2189 519 2248 sunt
547 2184 604 2248 hec
620 2184 650 2246 in
675 2183 845 2248 Cbotcoico.
870 2186 954 2248 Anno
979 2183 1089 2247 domini
1106 2183 1325 2248 Mtchxxx
1351 2193 1462 2250 octauo.

264 2293 429 2358 indictione
443 2294 548 2376 prima.
567 2292 630 2356 XV.
648 2291 793 2354 kalendas
805 2291 882 2374 May.

338 2453 396 2508 llon
410 2455 461 2508 den
476 2454 651 2522 angezeigteo
664 2453 719 2506 vier
734 2452 840 2522 Siegeln
854 2451 922 2504 leblt
936 2452 983 2504 das
1004 2451 1176 2505 cuunradi
1196 2454 1236 2508 do
1251 2455 1299 2508 Su
1310 2473 1462 2511 merone.

339 2545 372 2614 1)
388 2544 468 2598 Siebe
482 2544 524 2598 die
538 2543 772 2613 vorhergehenden
785 2541 927 2595 Urlrunden
940 2543 985 2595 Nr.
998 2542 1054 2596 LlV
1067 2543 1118 2595 und
1132 2543 1184 2596 LV.

807 2784 915 2854 LXlX.

263 2941 340 2998 latu.
362 2939 401 2998 lb.
420 2940 536 3011 August.
560 2937 708 3010 ttttualg.
741 2969 774 2978 -
807 2941 859 2993 not
884 2941 1007 2994 Heinrich
1027 2941 1067 2995 lll.
1093 2958 1142 2995 von
1168 2943 1309 3012 Gottweig
1335 2944 1460 2998 bestimmt

264 3030 527 3100 gewissessllinlriinile
538 3048 587 3083 von
596 3031 753 3091 Felabrunm
762 3031 861 3083 welche
872 3031 1047 3100 Margarethu,
1061 3031 1147 3086 Olto's
1161 3050 1211 3085 von
1222 3034 1303 3088 Wald
1318 3035 1460 3096 Gemablio,

265 3123 324 3175 dem
343 3122 449 3174 llloster
467 3121 601 3174 vermueht
618 3119 691 3172 batte
711 3138 742 3172 au
758 3119 844 3172 ciuem
862 3121 1015 3174 Frohmuhle
1039 3123 1081 3176 fur
1100 3123 1142 3175 die
1155 3121 1403 3180 Convent-Brirder
1415 3126 1459 3178 und

265 3213 448 3275 Sclrwestern,
468 3211 510 3264 die
524 3227 556 3263 an
571 3209 721 3263 demselben
733 3210 807 3278 'l'agc
820 3211 863 3262 fiir
876 3210 918 3265 die
942 3211 1133 3265 Wohltbaterin
1154 3215 1207 3267 und
1227 3213 1286 3270 ihre
1307 3216 1459 3271 Vernandt-

546 3300 633 3354 scholi
646 3301 687 3353 ein
701 3300 921 3354 Tcdtcnoilicium
935 3320 966 3354 zu
979 3303 1068 3355 balten
1081 3305 1176 3358 haben.

798 3431 926 3490 [ongean]

352 3583 414 3648 Nos
430 3583 601 3648 Heinodcus
615 3584 812 3646 miseracione
830 3585 928 3647 diuina
947 3587 1087 3650 Ecclesie
1102 3582 1334 3655 Cbblwiceusis
1351 3595 1457 3668 Albas,

263 3691 416 3757 uniuersis
439 3691 602 3753 litterarum
627 3692 819 3774 presencium
847 3693 1071 3776 inspectoribus
1096 3698 1232 3778 cupimus
1258 3719 1333 3763 esse
1352 3708 1457 3774 notum,

262 3801 340 3886 quod
358 3800 503 3864 Redditus
525 3799 715 3862 denariorum
739 3801 825 3864 unius
850 3800 971 3873 talenti,
997 3805 1072 3866 sitos
1097 3805 1126 3866 in
1145 3805 1365 3880 Velabrum,
1390 3831 1457 3894 quos

261 3911 379 3974 domina
395 3909 592 3994 Morpuretm
614 3928 692 3970 uxor
716 3907 825 3970 domiui
855 3911 977 3974 Ottona'e
1001 3911 1039 3974 do
1060 3914 1184 3985 Wolde‚
1202 3914 1241 3977 de
1258 3915 1416 3982 voluntate
1431 3925 1457 3981 et

261 4037 412 4082 consensu
429 4017 475 4079 sui
492 4017 586 4098 patris
603 4016 715 4078 domini
731 4016 896 4081 Alberoois
919 4019 956 4080 de
972 4019 1207 4096 Micbelctetcn‚
1234 4022 1274 4086 ob
1292 4029 1455 4090 remedium

260 4127 357 4188 anime
384 4145 440 4186 sue
459 4127 490 4185 et
511 4125 638 4186 omnium
655 4129 812 4208 pareutum
829 4145 950 4189 suorum
967 4134 1068 4190 nostro
1085 4129 1271 4193 lllonasterio
1288 4133 1348 4196 sub
1365 4141 1455 4198 testa·

259 4237 360 4296 mento
393 4233 562 4314 delegauit,
598 4231 635 4294 ad
667 4231 910 4296 consolacionem
950 4237 1075 4299 fratrum
1113 4241 1287 4302 nostrorum
1322 4242 1453 4306 duximus

259 4339 434 4404 statuendos
464 4340 516 4402 lali
547 4344 652 4422 pacto,
681 4344 713 4402 ut
735 4341 818 4403 annis
841 4343 968 4423 singulis
993 4343 1080 4407 Prior
1103 4347 1208 4406 nostre
1229 4345 1379 4413 Ecclesie
1400 4352 1454 4414 lra-

259 4449 356 4513 tribus
373 4448 484 4512 nostris
502 4452 532 4510 et
548 4445 703 4510 sororibus
720 4448 797 4510 seria
815 4456 919 4532 quarta
935 4457 1060 4535 quatuor
1072 4457 1241 4534 temporum
1255 4461 1329 4521 ante
1342 4458 1451 4522 Natiui-

201 4567 204 4574 '
258 4561 351 4620 tatem
368 4556 486 4619 Domini
510 4554 547 4617 de
569 4553 716 4636 predictis
740 4555 873 4621 denariis
898 4561 1139 4625 consolacionem
1162 4561 1268 4626 lacere
1292 4563 1405 4630 debeat
1420 4565 1450 4628 od
