3122 5096
1202 393 1252 466 45

65 574 93 634 et
106 571 237 635 eiusdem
255 571 357 655 predii
373 571 505 636 uillicum
521 571 640 638 nomine
657 564 881 636 Gotisoaleirum
898 589 966 636 oum
982 570 1120 636 omnibus
1137 590 1254 655 appen-

66 679 147 744 dioiis
168 682 243 744 suis.
269 682 451 764 potestatiua
475 700 573 744 manu.
598 681 635 744 ud
660 701 745 744 usum
763 680 820 744 deo
842 679 893 745 hie
909 680 1021 762 iugiter
1037 679 1241 744 seruientibus

64 787 149 851 Huius
166 788 339 854 traditionis
352 793 448 854 testes
461 794 532 853 sunt
543 787 680 852 adhibiti.
692 787 828 871 presenti
840 789 950 872 pagina
964 789 1097 873 ascripti.
1115 789 1253 854 modin-

59 896 159 982 predt.
179 897 262 962 ouo.
282 898 480 963 Ododoldod.
497 896 676 962 Bestoldue.
697 896 866 984 turipum.
889 897 1003 964 Witilo.
1030 893 1149 964 cudae.
1174 898 1252 964 Ger-

63 1005 139 1070 dmt.
157 1007 315 1093 Pilipn'm.
333 1008 497 1072 Horimun.

145 1114 210 1178 Sub
227 1117 342 1180 eisdem
359 1117 489 1180 testibus
510 1117 594 1182 idem
611 1117 720 1180 Gerolt
742 1135 845 1198 agrum
869 1119 900 1178 et
916 1115 1058 1180 adiacens
1082 1119 1202 1200 pratum
1219 1120 1253 1179 ut

60 1223 192 1305 primitus
216 1225 429 1308 designaueret
445 1226 599 1309 delegauit
614 1224 651 1290 ad
668 1226 863 1290 memoratum
880 1223 1017 1308 tytulum.
1044 1245 1081 1289 eo
1098 1227 1205 1288 tenore
1220 1231 1254 1290 ut

59 1335 123 1414 pust
135 1332 248 1396 obitum
261 1334 355 1417 ipsius
368 1334 439 1398 nulii
448 1334 572 1398 eederet
584 1334 642 1398 nisi
651 1333 723 1398 huie
733 1332 876 1400 ecclesie.
890 1335 978 1398 etiem
991 1333 1016 1396 si
1028 1333 1095 1415 ipse
1108 1331 1251 1396 heredem

60 1439 237 1522 acquireret.
257 1441 304 1506 uei
322 1443 347 1506 si
365 1447 433 1508 ante
449 1442 557 1507 redimi
575 1446 690 1528 posset.

556 1627 749 1702 CLXXXIV.

143 1749 254 1816 Notum
278 1752 317 1814 sit
339 1752 489 1818 uniuersis
513 1751 646 1816 erotesie
669 1750 739 1813 tiliis
762 1750 842 1840 quod
866 1751 985 1836 quidam
1017 1751 1182 1840 inponatur.
1208 1751 1249 1816 Ν.

56 1861 146 1948 Eppo
162 1861 204 1926 de
221 1861 431 1948 Gozioiedorf
446 1859 601 1944 delegauit
622 1861 652 1926 io
669 1879 787 1924 manum
814 1859 1024 1925 Wuttoduonio
1047 1879 1124 1946 eque
1141 1858 1251 1925 nobilis

56 1969 109 2032 uiri
130 1969 268 2052 predium
294 1989 378 2036 suum
401 1991 489 2036 unum
512 1955 632 2034 seitieet
655 1990 788 2034 mansum
813 1968 849 2033 ad
877 1968 1165 2058 deimprodtiedorf
1185 1987 1252 2032 oum

56 2079 216 2162 mancipio.
245 2079 282 2142 N.
312 2079 455 2145 Wietant.
485 2100 520 2143 eo
545 2084 651 2144 tenore
677 2085 709 2170 ut
733 2081 800 2162 ipse
822 2077 897 2141 illud
923 2078 988 2141 eius
1010 2077 1078 2141 uiue
1101 2076 1139 2140 ad
1156 2076 1251 2142 altare

55 2185 86 2254 S.
103 2187 200 2254 Marte
224 2187 427 2254 contraderet.
460 2188 546 2272 Quod
570 2192 676 2276 postea
693 2188 792 2254 isdem
811 2183 977 2252 Wottodd’n
993 2184 1176 2270 adimpleuit.
1204 2183 1251 2248 his

54 2295 178 2362 testibus
205 2296 357 2373 adhibitis.
382 2297 535 2364 Eretrici
557 2299 597 2364 de
622 2293 779 2380 Cddfuriu
802 2300 832 2358 et
849 2299 957 2380 frater
979 2296 1046 2360 eius
1067 2294 1249 2380 Wolfherue.

53 2407 254 2472 Heidinried.
284 2407 450 2494 tietfrido.
475 2408 610 2496 Bupoto.
636 2408 732 2472 Pado.

558 2593 736 2692 oulxxxu

138 2714 204 2778 Sed
222 2718 254 2778 et
270 2715 327 2777 hoo
345 2718 446 2778 notum
464 2715 504 2778 sit
519 2714 662 2778 memorie
679 2712 810 2778 fidelium
824 2713 903 2798 quod
917 2713 1036 2798 quidam
1048 2715 1105 2777 uir.
1125 2712 1162 2776 N.
1179 2713 1251 2778 Otto

51 2827 88 2890 de
102 2825 269 2892 Mulidaod
286 2847 349 2890 non
365 2825 513 2912 ignobilis
536 2823 689 2906 delegauit
711 2823 848 2907 predium
866 2823 1015 2910 quoddam
1039 2843 1132 2905 super
1157 2823 1251 2886 altare

52 2936 82 2999 S.
99 2936 196 2998 Mario
213 2934 358 2998 adiacens
375 2935 508 3000 eoeteeie
523 2933 685 3008 Mutidaod
702 2954 757 3016 pro
775 2934 1006 2996 commutatione
1022 2931 1057 2994 X.
1072 2951 1250 2995 marearum.

52 3044 142 3108 Huius
164 3043 337 3107 traditionis
359 3047 470 3106 mutue.
496 3043 597 3107 idonei
622 3047 691 3106 sunt
713 3047 810 3106 testes
835 3043 866 3104 hi
889 3041 1008 3104 adsciti.
1033 3040 1253 3128 Eretiopredt

51 3156 89 3218 de
103 3153 281 3219 Muliduod.
300 3129 466 3217 (Xdodriod.
484 3152 622 3216 Meridot
633 3154 741 3235 frater
757 3152 896 3215 eiusdem
915 3150 1046 3215 Ottonio.
1074 3147 1249 3215 Woltodrin.

50 3262 199 3328 Horriod.
230 3257 349 3326 Glorioso.
380 3260 489 3324 Euzie.
518 3261 632 3324 Heder.
662 3259 849 3346 Repindart.
882 3259 1046 3323 Horimoo.
1081 3258 1248 3340 Adultera,

52 3371 191 3458 liupolt.

556 3479 748 3554 CLXXXVI.

140 3605 209 3670 lioe
238 3624 358 3689 quoque
388 3605 506 3668 eunetis
534 3602 673 3667 fidelibus
703 3607 803 3667 notum
828 3605 876 3668 sit.
907 3603 986 3688 quod
1016 3605 1192 3670 Woltderue
1214 3607 1254 3670 de

49 3716 180 3780 treiema
202 3715 250 3777 uir
268 3712 377 3778 nobilis
394 3713 549 3797 delegauit
564 3713 703 3797 predium
720 3713 907 3779 Burodardi
930 3713 967 3776 ad
984 3714 1146 3780 Mutiduod
1163 3714 1250 3778 situm

49 3830 156 3908 rogatu
187 3824 323 3890 eiusdem
351 3825 536 3892 Burodordi
562 3827 594 3890 ot
617 3824 734 3909 fratris
763 3825 830 3890 eius
858 3824 1067 3892 &morderi
1094 3824 1130 3888 ad
1155 3824 1250 3889 altare

51 3933 83 3996 S.
101 3933 202 3998 Mario
218 3933 248 4000 io
266 3953 351 3998 usum
367 3933 513 3998 fratribus
531 3934 580 4000 hie
598 3932 656 3998 deo
673 3933 878 4001 militantibus.
905 3933 999 4000 Huius
1016 3935 1062 4000 rei
1078 3934 1166 4000 esoiti
1182 3941 1252 4000 sunt

49 4045 144 4108 testes
161 4042 276 4108 idonei.
308 4041 498 4108 Heidioriod
515 4043 556 4110 de
571 4043 686 4129 Aoum.
714 4044 918 4112 Gunduedar.
945 4045 1100 4112 Horimon
1116 4046 1156 4110 de
1172 4045 1251 4110 duu-

49 4151 187 4216 tiedeim.
219 4155 251 4216 et
270 4153 378 4233 freter
401 4151 470 4216 eius
490 4150 680 4238 Bepiodort.
713 4152 943 4238 Erudinprodt.
976 4153 1079 4218 Wezit.
1107 4155 1248 4220 Rodio.

48 4259 252 4328 adadenus.

548 4371 757 4444 CLXXXVII.

136 4489 249 4557 Notum
275 4492 316 4563 sit
340 4494 457 4556 eunetis
480 4492 614 4557 eoolesie
630 4493 711 4556 filiis.
740 4495 871 4576 qualiter
886 4495 1005 4578 quidam
1025 4496 1180 4583 inpendere
1196 4498 1250 4561 uir

48 4602 218 4690 diepinpoz
232 4602 273 4666 do
291 4602 368 4666 Grie
390 4602 544 4684 delegauit
564 4602 594 4666 in
618 4621 735 4667 menum
760 4604 922 4692 Pitiprimi
938 4605 1099 4691 patruelia
1119 4604 1171 4670 rui
1191 4607 1248 4670 uiri
