3122 5096
279 383 330 492 uo

267 559 332 644 filii
341 559 458 643 fratris
473 559 534 624 oui.
551 557 751 642 delegandum
767 557 805 622 ad
821 557 916 622 altere
932 557 965 620 S.
982 557 1088 622 llarie.
1107 555 1194 638 Quod
1210 561 1241 620 et
1253 557 1380 639 peregit
1392 554 1468 619 idem

273 663 471 732 Cddnradnc.
488 666 617 730 testibus
634 665 702 729 istis
716 686 772 750 per
783 687 886 730 aurem
902 666 1039 730 adscitis.
1059 663 1247 730 Woltlremt.
1264 663 1468 728 Hcida'nriclu.

271 774 351 838 idom
366 794 485 858 quoque
502 770 700 840 cuonradus.
725 771 913 840 cuonradus
928 775 969 839 de
989 773 1139 840 Winnilo.
1156 773 1351 838 Hortwicoo.
1370 747 1468 836 ddal-

271 879 352 946 riclu.
390 882 595 947 Marclcwart.
633 884 786 948 limant.
823 883 1004 946 lunestiture
1034 881 1234 946 Heidinriclr.
1266 877 1467 946 cuonradus.

272 989 395 1053 Addidit
411 997 442 1053 et
457 991 614 1074 mancipia.
631 987 744 1052 Xlll⁰¹¹².
763 991 819 1054 sub
837 991 952 1056 eisdem
966 989 1107 1055 testibus.

777 1175 957 1246 coxuvn.

362 1313 488 1394 Quidam
504 1313 713 1400 Eupilocolcd
729 1315 854 1378 tradidit
869 1315 906 1379 ad
924 1315 1052 1378 eundem
1068 1312 1197 1398 tytulum
1213 1313 1367 1398 quoddam
1384 1333 1467 1376 man·

270 1421 391 1504 cipium.
408 1421 444 1484 N.
458 1420 544 1485 Pero.
558 1421 596 1484 ob
610 1443 744 1486 censum.
759 1423 793 1488 V.
808 1423 1005 1488 denariorum.
1021 1422 1076 1486 sub
1089 1422 1138 1484 his
1150 1421 1289 1487 testibus.
1306 1423 1463 1511 Piliprim.

272 1530 449 1616 Mcpinpou.
466 1529 682 1616 Mcpinlcurdi.
699 1531 752 1594 11⁰.

771 1661 965 1733 CCXLVlll.

360 1797 508 1863 Nouerint
529 1801 664 1864 uniuersi
689 1800 821 1863 ecclesie
843 1799 905 1863 tilii.
932 1799 1061 1884 qualiter
1077 1800 1234 1886 inponens
1255 1799 1348 1864 domo
1366 1802 1465 1866 Eder-

269 1906 390 1972 dardos
410 1909 451 1972 de
471 1908 682 1972 Polrloisruolcc
709 1907 862 1990 delegauit
886 1928 978 1992 super
1005 1907 1099 1970 altare
1128 1908 1161 1970 S.
1183 1907 1279 1970 llario
1308 1907 1463 1972 dimidium

270 2035 403 2078 mansum
425 2021 456 2079 et
477 2017 596 2080 uincam
618 2036 685 2080 cum
708 2017 905 2101 appendiciis.
931 2021 963 2078 et
978 2015 1136 2098 mancipiis
1153 2015 1312 2080 obsessum
1329 2016 1369 2079 ad
1384 2019 1464 2082 Mir-

271 2122 410 2210 clrinpin.
427 2123 577 2206 peticione
593 2125 778 2190 Borcdordi
790 2125 901 2190 militis
916 2125 1056 2190 Dictrici
1070 2125 1192 2190 comitto
1208 2125 1295 2188 cuius
1308 2129 1377 2188 erat
1387 2127 1466 2188 idem

271 2231 416 2312 predium.
435 2236 466 2294 et
481 2233 513 2295 lri
530 2234 560 2294 in
576 2233 777 2297 testimonium
796 2237 865 2296 sunt
882 2233 999 2295 adsciti.
1024 2235 1110 2298 Pado
1122 2233 1162 2297 de
1174 2233 1364 2320 Amercnpc.
1385 2235 1465 2298 Otto.

270 2337 428 2427 loinyaim.
445 2342 524 2404 Hoc.
550 2341 741 2408 Gutiscolcd.
763 2341 942 2405 Fridcricd.
971 2341 1086 2406 Waczil.
1104 2341 1273 2425 lminsrdt.
1289 2343 1464 2428 Rodprclrt.

269 2449 408 2536 Liopolt.
441 2449 505 2512 lleo
522 2455 591 2512 sunt
611 2449 768 2533 mancipia.
803 2449 943 2514 Gerhart.
976 2449 1115 2513 Tierhilt.
1145 2448 1288 2512 Gerrich.
1318 2447 1464 2534 Ridiger.

273 2556 412 2620 llacicha.
431 2555 582 2638 Sigiboto.
599 2559 637 2620 ad
654 2578 786 2622 censum.
805 2558 840 2621 V.
859 2557 1049 2620 denariorum
1066 2557 1199 2621 tradidit.

787 2743 951 2814 CCXLlX.

360 2883 469 2944 Notum
486 2881 527 2944 sit
543 2882 659 2944 cunctis
676 2881 824 2963 sangnine
841 2879 953 2944 Christi
970 2858 1145 2964 redemptis.
1173 2881 1392 2966 quodquidam
1410 2883 1466 2945 uir.

272 2987 307 3052 N.
324 2991 430 3055 chcr
453 2989 607 3071 delegauit
629 2991 766 3072 predium
789 3011 873 3052 suum
896 2991 983 3074 quale
1007 2992 1074 3072 ipse
1098 2989 1188 3054 habet
1205 2991 1242 3053 ad
1262 2991 1476 3074 Quoleiodorf

270 3098 301 3160 in
317 3119 433 3161 manum
455 3099 621 3164 Adaldcrti
640 3099 755 3164 nobilia
777 3099 899 3163 uiride
917 3099 1038 3163 ilerda.
1064 3119 1099 3161 eo
1122 3103 1238 3162 tenore.
1263 3105 1297 3162 ul
1320 3101 1388 3182 ipse
1411 3099 1468 3162 hoc

271 3205 430 3288 delegaret
453 3227 544 3290 super
566 3206 662 3269 altare
687 3207 719 3269 S.
738 3206 834 3270 lllarie
855 3207 886 3267 in
902 3227 985 3270 nsum
1003 3187 1130 3269 fratrum
1146 3211 1216 3290 post
1232 3227 1319 3270 suum
1338 3207 1465 3271 obitum.

271 3315 327 3377 deo
345 3315 375 3378 in
392 3315 450 3380 hoc
467 3315 533 3379 loco
554 3315 756 3378 famulantum.
774 3313 862 3397 Quod
878 3314 957 3378 idem
974 3315 1164 3380 Adaldcrtos
1178 3319 1227 3378 est
1243 3320 1401 3379 executus.
1421 3316 1469 3378 his

270 3433 327 3504 per
348 3443 449 3486 aurem
478 3422 604 3487 adscitis
631 3423 771 3486 testibus.
802 3423 967 3488 Dictricos
994 3424 1035 3487 dc
1059 3420 1166 3488 Zainic.
1198 3423 1355 3488 Adalrom
1378 3426 1469 3510 filios

271 3532 405 3616 liudolfi.
423 3531 535 3595 mest
545 3533 585 3595 dc
600 3533 740 3596 trcimnu.
754 3536 784 3595 et
792 3533 899 3616 frater
910 3533 977 3596 cios
988 3531 1151 3596 Adolrum.
1170 3531 1251 3595 ldem
1263 3533 1468 3598 Adoldcrtas.

269 3639 424 3704 Hcriman
441 3639 482 3702 dc
497 3639 698 3704 duminheim.
730 3639 810 3703 Otto.
835 3639 1013 3704 Bortoldno.
1049 3642 1121 3705 Otto
1136 3643 1176 3705 dc
1190 3643 1293 3706 moltc.
1312 3642 1467 3706 Mordoto.

272 3725 444 3813 ddolricoc
459 3748 500 3811 dc
514 3747 696 3836 morpdocd.

819 3878 912 3949 CCL.

360 4013 470 4079 Notum
494 4017 533 4079 sit
555 4017 672 4081 cunctis
694 4015 845 4080 fidelibus.
871 4017 1098 4102 quodquidam.
1127 4017 1164 4080 N.
1182 4019 1294 4104 Poppo
1311 4015 1471 4099 delegauit

271 4123 308 4188 ad
326 4123 421 4188 altare
449 4123 481 4188 S.
507 4124 602 4188 llario
629 4125 687 4188 duo
716 4123 864 4189 beneficia
891 4123 929 4187 ad
956 4125 1084 4190 Saocnto
1112 4125 1151 4189 ob
1174 4123 1344 4188 remedium
1369 4127 1470 4190 anime

265 4233 448 4321 patrissui
469 4209 669 4320 dyonisium
691 4233 835 4297 defuncti.
865 4233 943 4318 quod
964 4233 1031 4318 ipse
1055 4233 1152 4298 adhuc
1174 4234 1282 4298 uiuens
1305 4253 1323 4296 a
1347 4233 1470 4299 domino

269 4341 435 4429 Piliprimo
451 4343 492 4407 dc
506 4343 583 4408 Grie
598 4341 713 4406 duabus
725 4341 834 4404 marcis
848 4345 879 4404 et
890 4340 1012 4405 dimidia
1025 4341 1207 4407 redemerat.
1223 4340 1302 4406 Huic
1314 4343 1472 4408 traditioni

268 4449 301 4514 lui
316 4456 413 4514 testes
431 4453 501 4516 sunt
516 4450 653 4514 adhibiti.
678 4449 850 4514 dietricus.
867 4451 1045 4516 Bertodlos.
1069 4451 1275 4516 Morcdccort.
1293 4452 1471 4518 Dictricac.

269 4560 409 4624 Pcrnolt.
427 4559 549 4624 Annuit.
566 4557 741 4624 Hortwicd.
