<?xml version="1.0" encoding="UTF-8"?>
<!DOCTYPE html PUBLIC "-//W3C//DTD XHTML 1.0 Transitional//EN"
    "http://www.w3.org/TR/xhtml1/DTD/xhtml1-transitional.dtd">
<html xmlns="http://www.w3.org/1999/xhtml" xml:lang="en" lang="en">
 <head>
  <title>
</title>
<meta http-equiv="Content-Type" content="text/html;charset=utf-8" />
  <meta name='ocr-system' content='tesseract 3.04.00' />
  <meta name='ocr-capabilities' content='ocr_page ocr_carea ocr_par ocr_line ocrx_word'/>
</head>
<body>
  <div class='ocr_page' id='page_1' title='image "./fontesrerumaust11kommgoog_0088.png"; bbox 0 0 3122 5096; ppageno 0'>
   <div class='ocr_carea' id='block_1_1' title="bbox 1239 431 1289 503">
    <p class='ocr_par' dir='ltr' id='par_1_1' title="bbox 1239 431 1289 503">
     <span class='ocr_line' id='line_1_1' title="bbox 1239 431 1289 503; baseline -0.02 0"><span class='ocrx_word' id='word_1_1' title='bbox 1239 431 1289 503; x_wconf 78' lang='lat'>67</span> 
     </span>
    </p>
   </div>
   <div class='ocr_carea' id='block_1_2' title="bbox 87 593 1292 814">
    <p class='ocr_par' dir='ltr' id='par_1_2' title="bbox 87 593 1292 814">
     <span class='ocr_line' id='line_1_2' title="bbox 87 593 1292 694; baseline 0.001 -25"><span class='ocrx_word' id='word_1_2' title='bbox 87 593 221 669; x_wconf 81' lang='lat' dir='ltr'>trciaim.</span> <span class='ocrx_word' id='word_1_3' title='bbox 235 605 454 670; x_wconf 74' lang='lat' dir='ltr'>Hecimnnnuc</span> <span class='ocrx_word' id='word_1_4' title='bbox 466 606 507 670; x_wconf 84' lang='lat' dir='ltr'>dc</span> <span class='ocrx_word' id='word_1_5' title='bbox 517 605 768 693; x_wconf 86' lang='lat' dir='ltr'>H.(unlisheim).</span> <span class='ocrx_word' id='word_1_6' title='bbox 781 605 982 672; x_wconf 79' lang='lat' dir='ltr'>Adalbcrtus.</span> <span class='ocrx_word' id='word_1_7' title='bbox 999 606 1150 690; x_wconf 77' lang='lat' dir='ltr'>Ortclfus.</span> <span class='ocrx_word' id='word_1_8' title='bbox 1167 605 1292 694; x_wconf 61' lang='lat' dir='ltr'>muana</span> 
     </span>
     <span class='ocr_line' id='line_1_3' title="bbox 89 712 871 814; baseline 0.004 -39"><span class='ocrx_word' id='word_1_9' title='bbox 89 712 131 775; x_wconf 74' lang='lat' dir='ltr'>dc</span> <span class='ocrx_word' id='word_1_10' title='bbox 146 713 324 800; x_wconf 74' lang='lat' dir='ltr'>cccvinqin.</span> <span class='ocrx_word' id='word_1_11' title='bbox 344 714 543 814; x_wconf 77' lang='lat' dir='ltr'>Cbunraduc.</span> <span class='ocrx_word' id='word_1_12' title='bbox 560 714 765 801; x_wconf 80' lang='lat' dir='ltr'>Helinprcbt.</span> <span class='ocrx_word' id='word_1_13' title='bbox 782 715 871 780; x_wconf 80' lang='lat' dir='ltr'>Edir.</span> 
     </span>
    </p>
   </div>
   <div class='ocr_carea' id='block_1_3' title="bbox 617 900 766 974">
    <p class='ocr_par' dir='ltr' id='par_1_3' title="bbox 617 900 766 974">
     <span class='ocr_line' id='line_1_4' title="bbox 617 900 766 974; baseline 0.007 -4"><span class='ocrx_word' id='word_1_14' title='bbox 617 900 766 974; x_wconf 82' lang='lat' dir='ltr'>CCLXX.</span> 
     </span>
    </p>
   </div>
   <div class='ocr_carea' id='block_1_4' title="bbox 88 1036 1291 1646">
    <p class='ocr_par' dir='ltr' id='par_1_4' title="bbox 88 1036 1291 1646">
     <span class='ocr_line' id='line_1_5' title="bbox 181 1036 1291 1124; baseline 0.002 -24"><span class='ocrx_word' id='word_1_15' title='bbox 181 1037 220 1100; x_wconf 78' lang='lat' dir='ltr'>m</span> <span class='ocrx_word' id='word_1_16' title='bbox 246 1036 306 1100; x_wconf 90' lang='lat' dir='ltr'>hoc</span> <span class='ocrx_word' id='word_1_17' title='bbox 334 1037 476 1104; x_wconf 88' lang='lat' dir='ltr'>memoria</span> <span class='ocrx_word' id='word_1_18' title='bbox 503 1039 677 1104; x_wconf 88' lang='lat' dir='ltr'>tenendum.</span> <span class='ocrx_word' id='word_1_19' title='bbox 705 1039 834 1124; x_wconf 86' lang='lat' dir='ltr'>qualiter</span> <span class='ocrx_word' id='word_1_20' title='bbox 860 1038 1049 1105; x_wconf 81' lang='lat' dir='ltr'>Cbuurudm</span> <span class='ocrx_word' id='word_1_21' title='bbox 1070 1037 1111 1102; x_wconf 86' lang='lat' dir='ltr'>dc</span> <span class='ocrx_word' id='word_1_22' title='bbox 1135 1037 1291 1123; x_wconf 62' lang='lat' dir='ltr'>conuicia</span> 
     </span>
     <span class='ocr_line' id='line_1_6' title="bbox 90 1142 1289 1230; baseline 0.003 -24"><span class='ocrx_word' id='word_1_23' title='bbox 90 1142 248 1224; x_wconf 84' lang='lat' dir='ltr'>delegauit</span> <span class='ocrx_word' id='word_1_24' title='bbox 264 1165 331 1208; x_wconf 92' lang='lat' dir='ltr'>curu</span> <span class='ocrx_word' id='word_1_25' title='bbox 348 1165 438 1210; x_wconf 90' lang='lat' dir='ltr'>manu</span> <span class='ocrx_word' id='word_1_26' title='bbox 453 1147 553 1212; x_wconf 86' lang='lat' dir='ltr'>uxoris</span> <span class='ocrx_word' id='word_1_27' title='bbox 570 1167 625 1211; x_wconf 88' lang='lat' dir='ltr'>sue</span> <span class='ocrx_word' id='word_1_28' title='bbox 651 1193 828 1210; x_wconf 90' lang='grc'><strong>......</strong></span> <span class='ocrx_word' id='word_1_29' title='bbox 853 1167 946 1230; x_wconf 83' lang='lat' dir='ltr'>super</span> <span class='ocrx_word' id='word_1_30' title='bbox 961 1146 1054 1210; x_wconf 90' lang='lat' dir='ltr'>altare</span> <span class='ocrx_word' id='word_1_31' title='bbox 1071 1151 1175 1209; x_wconf 90' lang='lat' dir='ltr'>sancte</span> <span class='ocrx_word' id='word_1_32' title='bbox 1194 1145 1289 1210; x_wconf 87' lang='lat' dir='ltr'>llaric</span> 
     </span>
     <span class='ocr_line' id='line_1_7' title="bbox 88 1251 1287 1340; baseline 0.002 -26"><span class='ocrx_word' id='word_1_33' title='bbox 88 1251 295 1316; x_wconf 84' lang='lat' dir='ltr'><strong>molendinum</strong></span> <span class='ocrx_word' id='word_1_34' title='bbox 318 1273 408 1318; x_wconf 90' lang='lat' dir='ltr'>unum</span> <span class='ocrx_word' id='word_1_35' title='bbox 431 1275 467 1320; x_wconf 89' lang='lat' dir='ltr'>ec</span> <span class='ocrx_word' id='word_1_36' title='bbox 490 1259 607 1320; x_wconf 88' lang='lat' dir='ltr'>tencre.</span> <span class='ocrx_word' id='word_1_37' title='bbox 634 1262 666 1320; x_wconf 88' lang='lat' dir='ltr'>ut</span> <span class='ocrx_word' id='word_1_38' title='bbox 687 1256 785 1340; x_wconf 82' lang='lat' dir='ltr'>quoad</span> <span class='ocrx_word' id='word_1_39' title='bbox 810 1257 926 1320; x_wconf 87' lang='lat' dir='ltr'>uiueret</span> <span class='ocrx_word' id='word_1_40' title='bbox 947 1255 1045 1338; x_wconf 85' lang='lat' dir='ltr'>ipsius</span> <span class='ocrx_word' id='word_1_41' title='bbox 1067 1256 1134 1318; x_wconf 88' lang='lat' dir='ltr'>usui</span> <span class='ocrx_word' id='word_1_42' title='bbox 1151 1254 1287 1318; x_wconf 89' lang='lat' dir='ltr'>cederet.</span> 
     </span>
     <span class='ocr_line' id='line_1_8' title="bbox 89 1359 1291 1436; baseline 0.003 -14"><span class='ocrx_word' id='word_1_43' title='bbox 89 1359 146 1424; x_wconf 88' lang='lat' dir='ltr'>snb</span> <span class='ocrx_word' id='word_1_44' title='bbox 169 1359 217 1422; x_wconf 88' lang='lat' dir='ltr'>his</span> <span class='ocrx_word' id='word_1_45' title='bbox 241 1361 422 1426; x_wconf 88' lang='lat' dir='ltr'>ccuiirmaus</span> <span class='ocrx_word' id='word_1_46' title='bbox 444 1364 584 1428; x_wconf 81' lang='lat' dir='ltr'>testibus.</span> <span class='ocrx_word' id='word_1_47' title='bbox 619 1365 776 1430; x_wconf 79' lang='lat' dir='ltr'>llbltbcrc</span> <span class='ocrx_word' id='word_1_48' title='bbox 803 1366 844 1430; x_wconf 85' lang='lat' dir='ltr'>dc</span> <span class='ocrx_word' id='word_1_49' title='bbox 870 1363 1001 1428; x_wconf 85' lang='lat' dir='ltr'>treicim.</span> <span class='ocrx_word' id='word_1_50' title='bbox 1027 1363 1222 1436; x_wconf 83' lang='lat' dir='ltr'>Herimunno</span> <span class='ocrx_word' id='word_1_51' title='bbox 1250 1363 1291 1426; x_wconf 83' lang='lat' dir='ltr'>de</span> 
     </span>
     <span class='ocr_line' id='line_1_9' title="bbox 89 1467 1291 1561; baseline 0.001 -28"><span class='ocrx_word' id='word_1_52' title='bbox 89 1467 355 1554; x_wconf 83' lang='lat' dir='ltr'>b.(huntisheim).</span> <span class='ocrx_word' id='word_1_53' title='bbox 371 1473 527 1538; x_wconf 81' lang='lat' dir='ltr'>Dibnurc.</span> <span class='ocrx_word' id='word_1_54' title='bbox 547 1474 690 1538; x_wconf 75' lang='lat' dir='ltr'>Occwinc</span> <span class='ocrx_word' id='word_1_55' title='bbox 706 1475 747 1539; x_wconf 83' lang='lat' dir='ltr'>de</span> <span class='ocrx_word' id='word_1_56' title='bbox 759 1494 828 1561; x_wconf 75' lang='lat' dir='ltr'>qm.</span> <span class='ocrx_word' id='word_1_57' title='bbox 849 1472 980 1557; x_wconf 79' lang='lat' dir='ltr'>Ortclfc.</span> <span class='ocrx_word' id='word_1_58' title='bbox 998 1472 1175 1559; x_wconf 68' lang='lat' dir='ltr'>Piliqrimo.</span> <span class='ocrx_word' id='word_1_59' title='bbox 1196 1473 1291 1555; x_wconf 83' lang='lat' dir='ltr'>Wolf-</span> 
     </span>
     <span class='ocr_line' id='line_1_10' title="bbox 89 1577 512 1646; baseline 0.007 -6"><span class='ocrx_word' id='word_1_60' title='bbox 89 1577 175 1641; x_wconf 76' lang='lat' dir='ltr'>kero.</span> <span class='ocrx_word' id='word_1_61' title='bbox 193 1579 282 1643; x_wconf 82' lang='lat' dir='ltr'>Edir.</span> <span class='ocrx_word' id='word_1_62' title='bbox 300 1580 512 1646; x_wconf 77' lang='lat' dir='ltr'>Pminbardc.</span> 
     </span>
    </p>
   </div>
   <div class='ocr_carea' id='block_1_5' title="bbox 608 1721 775 1793">
    <p class='ocr_par' dir='ltr' id='par_1_5' title="bbox 608 1721 775 1793">
     <span class='ocr_line' id='line_1_11' title="bbox 608 1721 775 1793; baseline -0.006 0"><span class='ocrx_word' id='word_1_63' title='bbox 608 1721 775 1793; x_wconf 80' lang='lat' dir='ltr'><strong>CCLXXI.</strong></span> 
     </span>
    </p>
   </div>
   <div class='ocr_carea' id='block_1_6' title="bbox 85 1855 1289 2162">
    <p class='ocr_par' dir='ltr' id='par_1_6' title="bbox 85 1855 1289 2162">
     <span class='ocr_line' id='line_1_12' title="bbox 181 1855 1289 1946; baseline 0.005 -28"><span class='ocrx_word' id='word_1_64' title='bbox 181 1855 291 1922; x_wconf 86' lang='lat' dir='ltr'>Notum</span> <span class='ocrx_word' id='word_1_65' title='bbox 317 1859 357 1920; x_wconf 92' lang='lat' dir='ltr'>sit</span> <span class='ocrx_word' id='word_1_66' title='bbox 379 1861 506 1924; x_wconf 86' lang='lat' dir='ltr'>cunctis.</span> <span class='ocrx_word' id='word_1_67' title='bbox 532 1861 612 1944; x_wconf 88' lang='lat' dir='ltr'>quod</span> <span class='ocrx_word' id='word_1_68' title='bbox 635 1863 795 1926; x_wconf 83' lang='lat' dir='ltr'>Fridcrnn</span> <span class='ocrx_word' id='word_1_69' title='bbox 818 1861 932 1926; x_wconf 86' lang='lat' dir='ltr'>relicta</span> <span class='ocrx_word' id='word_1_70' title='bbox 955 1859 1107 1946; x_wconf 73' lang='lat' dir='ltr'>Siyifridi</span> <span class='ocrx_word' id='word_1_71' title='bbox 1130 1860 1170 1924; x_wconf 86' lang='lat' dir='ltr'>de</span> <span class='ocrx_word' id='word_1_72' title='bbox 1197 1860 1289 1923; x_wconf 86' lang='lat' dir='ltr'>adul·</span> 
     </span>
     <span class='ocr_line' id='line_1_13' title="bbox 87 1965 1287 2054; baseline -0.002 -24"><span class='ocrx_word' id='word_1_73' title='bbox 87 1965 312 2053; x_wconf 71' lang='lat' dir='ltr'>drcbtiapcryc</span> <span class='ocrx_word' id='word_1_74' title='bbox 332 1967 458 2031; x_wconf 76' lang='lat' dir='ltr'>tradidit</span> <span class='ocrx_word' id='word_1_75' title='bbox 482 1969 548 2032; x_wconf 90' lang='lat' dir='ltr'>eius</span> <span class='ocrx_word' id='word_1_76' title='bbox 569 1973 677 2050; x_wconf 81' lang='lat' dir='ltr'>rogatu</span> <span class='ocrx_word' id='word_1_77' title='bbox 702 1991 795 2054; x_wconf 89' lang='lat' dir='ltr'>super</span> <span class='ocrx_word' id='word_1_78' title='bbox 818 1969 913 2032; x_wconf 89' lang='lat' dir='ltr'>altare</span> <span class='ocrx_word' id='word_1_79' title='bbox 936 1973 1041 2031; x_wconf 89' lang='lat' dir='ltr'>sancte</span> <span class='ocrx_word' id='word_1_80' title='bbox 1058 1967 1153 2030; x_wconf 89' lang='lat' dir='ltr'>blarie</span> <span class='ocrx_word' id='word_1_81' title='bbox 1170 1969 1287 2030; x_wconf 86' lang='lat' dir='ltr'>niueam</span> 
     </span>
     <span class='ocr_line' id='line_1_14' title="bbox 85 2073 1287 2162; baseline 0.002 -27"><span class='ocrx_word' id='word_1_82' title='bbox 85 2093 176 2136; x_wconf 90' lang='lat' dir='ltr'>unam</span> <span class='ocrx_word' id='word_1_83' title='bbox 199 2074 237 2137; x_wconf 93' lang='lat' dir='ltr'>ad</span> <span class='ocrx_word' id='word_1_84' title='bbox 262 2073 439 2139; x_wconf 78' lang='lat' dir='ltr'>edirismtc.</span> <span class='ocrx_word' id='word_1_85' title='bbox 470 2076 525 2139; x_wconf 89' lang='lat' dir='ltr'>sub</span> <span class='ocrx_word' id='word_1_86' title='bbox 549 2077 598 2139; x_wconf 92' lang='lat' dir='ltr'>his</span> <span class='ocrx_word' id='word_1_87' title='bbox 621 2078 759 2141; x_wconf 76' lang='lat' dir='ltr'>testibus·</span> <span class='ocrx_word' id='word_1_88' title='bbox 792 2078 954 2162; x_wconf 75' lang='lat' dir='ltr'>Wnlflccrc.</span> <span class='ocrx_word' id='word_1_89' title='bbox 984 2075 1171 2141; x_wconf 83' lang='lat' dir='ltr'>Hurtuuico.</span> <span class='ocrx_word' id='word_1_90' title='bbox 1198 2075 1287 2139; x_wconf 84' lang='lat' dir='ltr'>Ebir.</span> 
     </span>
    </p>
   </div>
   <div class='ocr_carea' id='block_1_7' title="bbox 92 2182 737 2250">
    <p class='ocr_par' dir='ltr' id='par_1_7' title="bbox 92 2182 737 2250">
     <span class='ocr_line' id='line_1_15' title="bbox 92 2182 737 2250; baseline 0.003 -3"><span class='ocrx_word' id='word_1_91' title='bbox 92 2182 257 2248; x_wconf 84' lang='lat' dir='ltr'>Odalricc.</span> <span class='ocrx_word' id='word_1_92' title='bbox 279 2183 428 2248; x_wconf 82' lang='lat' dir='ltr'>Trntcun.</span> <span class='ocrx_word' id='word_1_93' title='bbox 444 2184 580 2250; x_wconf 69' lang='lat' dir='ltr'>Aciliae.</span> <span class='ocrx_word' id='word_1_94' title='bbox 597 2187 737 2250; x_wconf 82' lang='lat' dir='ltr'>Erwino.</span> 
     </span>
    </p>
   </div>
   <div class='ocr_carea' id='block_1_8' title="bbox 602 2388 784 2459">
    <p class='ocr_par' dir='ltr' id='par_1_8' title="bbox 602 2388 784 2459">
     <span class='ocr_line' id='line_1_16' title="bbox 602 2388 784 2459; baseline 0.005 -2"><span class='ocrx_word' id='word_1_95' title='bbox 602 2388 784 2459; x_wconf 82' lang='lat' dir='ltr'><strong>CCLXXII.</strong></span> 
     </span>
    </p>
   </div>
   <div class='ocr_carea' id='block_1_9' title="bbox 85 2523 1288 2936">
    <p class='ocr_par' dir='ltr' id='par_1_9' title="bbox 85 2523 1288 2936">
     <span class='ocr_line' id='line_1_17' title="bbox 182 2523 1281 2610; baseline 0 -22"><span class='ocrx_word' id='word_1_96' title='bbox 182 2523 328 2590; x_wconf 80' lang='lat' dir='ltr'>Memoria</span> <span class='ocrx_word' id='word_1_97' title='bbox 354 2525 487 2590; x_wconf 85' lang='lat' dir='ltr'>fidelium</span> <span class='ocrx_word' id='word_1_98' title='bbox 516 2528 794 2592; x_wconf 82' lang='lat' dir='ltr'>commendandum.</span> <span class='ocrx_word' id='word_1_99' title='bbox 824 2527 953 2610; x_wconf 80' lang='lat' dir='ltr'>qualiter</span> <span class='ocrx_word' id='word_1_100' title='bbox 980 2527 1147 2592; x_wconf 85' lang='lat' dir='ltr'>Wurmund</span> <span class='ocrx_word' id='word_1_101' title='bbox 1167 2533 1281 2606; x_wconf 85' lang='lat' dir='ltr'>(supra-</span> 
     </span>
     <span class='ocr_line' id='line_1_18' title="bbox 88 2635 1288 2721; baseline 0.003 -28"><span class='ocrx_word' id='word_1_102' title='bbox 88 2641 222 2711; x_wconf 83' lang='lat' dir='ltr'>scriptum</span> <span class='ocrx_word' id='word_1_103' title='bbox 240 2645 295 2695; x_wconf 86' lang='lat' dir='ltr'>est:</span> <span class='ocrx_word' id='word_1_104' title='bbox 324 2635 513 2721; x_wconf 82' lang='lat' dir='ltr'>ecbindcrf)</span> <span class='ocrx_word' id='word_1_105' title='bbox 534 2637 754 2701; x_wconf 70' lang='lat' dir='ltr'>ministerialis</span> <span class='ocrx_word' id='word_1_106' title='bbox 777 2636 926 2700; x_wconf 84' lang='lat' dir='ltr'>Heinrici</span> <span class='ocrx_word' id='word_1_107' title='bbox 946 2635 1037 2700; x_wconf 82' lang='lat' dir='ltr'>ducis</span> <span class='ocrx_word' id='word_1_108' title='bbox 1061 2636 1098 2700; x_wconf 90' lang='lat' dir='ltr'>cb</span> <span class='ocrx_word' id='word_1_109' title='bbox 1122 2636 1288 2699; x_wconf 90' lang='lat' dir='ltr'>remedium</span> 
     </span>
     <span class='ocr_line' id='line_1_19' title="bbox 86 2743 1288 2830; baseline 0.001 -26"><span class='ocrx_word' id='word_1_110' title='bbox 86 2743 189 2804; x_wconf 89' lang='lat' dir='ltr'>anime</span> <span class='ocrx_word' id='word_1_111' title='bbox 205 2745 364 2828; x_wconf 85' lang='lat' dir='ltr'>comparia</span> <span class='ocrx_word' id='word_1_112' title='bbox 379 2767 435 2809; x_wconf 84' lang='lat' dir='ltr'>sne</span> <span class='ocrx_word' id='word_1_113' title='bbox 457 2745 604 2830; x_wconf 76' lang='lat' dir='ltr'>defuncte</span> <span class='ocrx_word' id='word_1_114' title='bbox 618 2745 751 2810; x_wconf 84' lang='lat' dir='ltr'>Jndittc.</span> <span class='ocrx_word' id='word_1_115' title='bbox 777 2743 930 2824; x_wconf 84' lang='lat' dir='ltr'>delegauit</span> <span class='ocrx_word' id='word_1_116' title='bbox 953 2765 1044 2827; x_wconf 89' lang='lat' dir='ltr'>super</span> <span class='ocrx_word' id='word_1_117' title='bbox 1068 2745 1162 2807; x_wconf 89' lang='lat' dir='ltr'>altare</span> <span class='ocrx_word' id='word_1_118' title='bbox 1181 2747 1288 2806; x_wconf 87' lang='lat' dir='ltr'>sancte</span> 
     </span>
     <span class='ocr_line' id='line_1_20' title="bbox 85 2849 1287 2936; baseline 0.002 -23"><span class='ocrx_word' id='word_1_119' title='bbox 85 2857 196 2913; x_wconf 88' lang='lat' dir='ltr'>sancte</span> <span class='ocrx_word' id='word_1_120' title='bbox 217 2856 289 2930; x_wconf 82' lang='lat' dir='ltr'>(sic)</span> <span class='ocrx_word' id='word_1_121' title='bbox 309 2851 403 2916; x_wconf 88' lang='lat' dir='ltr'>Marie</span> <span class='ocrx_word' id='word_1_122' title='bbox 419 2853 478 2916; x_wconf 89' lang='lat' dir='ltr'>tria</span> <span class='ocrx_word' id='word_1_123' title='bbox 495 2853 641 2918; x_wconf 86' lang='lat' dir='ltr'>beneficia</span> <span class='ocrx_word' id='word_1_124' title='bbox 656 2854 817 2936; x_wconf 82' lang='lat' dir='ltr'>sticcdcrf.</span> <span class='ocrx_word' id='word_1_125' title='bbox 831 2851 852 2915; x_wconf 90' lang='lat' dir='ltr'>l.</span> <span class='ocrx_word' id='word_1_126' title='bbox 873 2851 1093 2935; x_wconf 78' lang='lat' dir='ltr'>Oeldrnndorf.</span> <span class='ocrx_word' id='word_1_127' title='bbox 1107 2849 1127 2914; x_wconf 92' lang='lat' dir='ltr'>l.</span> <span class='ocrx_word' id='word_1_128' title='bbox 1145 2851 1287 2916; x_wconf 62' lang='lat' dir='ltr'>Moben-</span> 
     </span>
    </p>
   </div>
   <div class='ocr_carea' id='block_1_10' title="bbox 80 2959 1286 3198">
    <p class='ocr_par' dir='ltr' id='par_1_10' title="bbox 80 2959 1286 3198">
     <span class='ocr_line' id='line_1_21' title="bbox 80 2959 1285 3046; baseline -0.001 -22"><span class='ocrx_word' id='word_1_129' title='bbox 80 2979 237 3046; x_wconf 76' lang='lat' dir='ltr'>prunnon</span> <span class='ocrx_word' id='word_1_130' title='bbox 253 2959 274 3022; x_wconf 87' lang='grc' dir='ltr'>Ι.</span> <span class='ocrx_word' id='word_1_131' title='bbox 292 2979 403 3041; x_wconf 85' lang='lat' dir='ltr'>rogans</span> <span class='ocrx_word' id='word_1_132' title='bbox 419 2963 530 3025; x_wconf 85' lang='lat' dir='ltr'>iratres</span> <span class='ocrx_word' id='word_1_133' title='bbox 548 2967 580 3025; x_wconf 86' lang='lat' dir='ltr'>ut</span> <span class='ocrx_word' id='word_1_134' title='bbox 595 2981 650 3046; x_wconf 90' lang='lat' dir='ltr'>prc</span> <span class='ocrx_word' id='word_1_135' title='bbox 668 2962 730 3025; x_wconf 88' lang='lat' dir='ltr'>suis</span> <span class='ocrx_word' id='word_1_136' title='bbox 748 2963 837 3023; x_wconf 84' lang='lat' dir='ltr'>etiam</span> <span class='ocrx_word' id='word_1_137' title='bbox 854 2959 1080 3023; x_wconf 88' lang='lat' dir='ltr'>intercederent</span> <span class='ocrx_word' id='word_1_138' title='bbox 1096 2959 1285 3024; x_wconf 77' lang='lat' dir='ltr'>excessibus.</span> 
     </span>
     <span class='ocr_line' id='line_1_22' title="bbox 86 3065 1286 3198; baseline 0.003 -24"><span class='ocrx_word' id='word_1_139' title='bbox 86 3111 165 3176; x_wconf 86' lang='lat' dir='ltr'>Huic</span> <span class='ocrx_word' id='word_1_140' title='bbox 180 3112 342 3176; x_wconf 91' lang='lat' dir='ltr'>tradicicui</span> <span class='ocrx_word' id='word_1_141' title='bbox 360 3115 448 3176; x_wconf 86' lang='lat' dir='ltr'>asciti</span> <span class='ocrx_word' id='word_1_142' title='bbox 464 3120 533 3178; x_wconf 85' lang='lat' dir='ltr'>sunt</span> <span class='ocrx_word' id='word_1_143' title='bbox 548 3119 645 3178; x_wconf 87' lang='lat' dir='ltr'>testes</span> <span class='ocrx_word' id='word_1_144' title='bbox 661 3113 713 3177; x_wconf 91' lang='lat' dir='ltr'>hii.</span> <span class='ocrx_word' id='word_1_145' title='bbox 738 3115 885 3179; x_wconf 79' lang='lat' dir='ltr'>Rudwin.</span> <span class='ocrx_word' id='word_1_146' title='bbox 904 3117 1014 3198; x_wconf 49' lang='lat' dir='ltr'>frater,</span> <span class='ocrx_word' id='word_1_147' title='bbox 1027 3065 1104 3178; x_wconf 50' lang='lat' dir='ltr'>civile.</span> <span class='ocrx_word' id='word_1_148' title='bbox 1125 3114 1286 3179; x_wconf 80' lang='lat' dir='ltr'>Gcbebnr·</span> 
     </span>
    </p>
   </div>
   <div class='ocr_carea' id='block_1_11' title="bbox 83 3219 1286 3635">
    <p class='ocr_par' dir='ltr' id='par_1_11' title="bbox 83 3219 1286 3635">
     <span class='ocr_line' id='line_1_23' title="bbox 85 3219 1285 3310; baseline -0.002 -24"><span class='ocrx_word' id='word_1_149' title='bbox 85 3222 148 3286; x_wconf 81' lang='lat' dir='ltr'>dus</span> <span class='ocrx_word' id='word_1_150' title='bbox 167 3219 263 3307; x_wconf 84' lang='lat' dir='ltr'>(filius</span> <span class='ocrx_word' id='word_1_151' title='bbox 278 3221 480 3308; x_wconf 83' lang='lat' dir='ltr'>ll.udwini?)</span> <span class='ocrx_word' id='word_1_152' title='bbox 501 3223 709 3310; x_wconf 74' lang='lat' dir='ltr'>Muncqcldnc</span> <span class='ocrx_word' id='word_1_153' title='bbox 733 3221 789 3308; x_wconf 87' lang='lat' dir='ltr'>(dc</span> <span class='ocrx_word' id='word_1_154' title='bbox 810 3219 939 3306; x_wconf 89' lang='lat' dir='ltr'>liubes).</span> <span class='ocrx_word' id='word_1_155' title='bbox 964 3221 1074 3306; x_wconf 79' lang='lat' dir='ltr'>Ortcls</span> <span class='ocrx_word' id='word_1_156' title='bbox 1091 3221 1285 3308; x_wconf 84' lang='lat' dir='ltr'>(Meginhar-</span> 
     </span>
     <span class='ocr_line' id='line_1_24' title="bbox 83 3328 1286 3416; baseline -0.004 -22"><span class='ocrx_word' id='word_1_157' title='bbox 83 3328 233 3413; x_wconf 81' lang='lat' dir='ltr'>disderi).</span> <span class='ocrx_word' id='word_1_158' title='bbox 249 3328 626 3416; x_wconf 68' lang='lat' dir='ltr'>Ortolfffcrandisdcrf).</span> <span class='ocrx_word' id='word_1_159' title='bbox 643 3331 723 3396; x_wconf 85' lang='lat' dir='ltr'>Otto.</span> <span class='ocrx_word' id='word_1_160' title='bbox 737 3329 928 3416; x_wconf 87' lang='lat' dir='ltr'>(blisscwe).</span> <span class='ocrx_word' id='word_1_161' title='bbox 941 3331 1161 3397; x_wconf 84' lang='lat' dir='ltr'>Perinburduc</span> <span class='ocrx_word' id='word_1_162' title='bbox 1174 3328 1286 3416; x_wconf 80' lang='lat' dir='ltr'>(ddal-</span> 
     </span>
     <span class='ocr_line' id='line_1_25' title="bbox 84 3436 1283 3527; baseline 0.003 -29"><span class='ocrx_word' id='word_1_163' title='bbox 84 3436 288 3524; x_wconf 78' lang='lat' dir='ltr'>wartisdors).</span> <span class='ocrx_word' id='word_1_164' title='bbox 301 3439 485 3506; x_wconf 83' lang='lat' dir='ltr'>Dietmarus</span> <span class='ocrx_word' id='word_1_165' title='bbox 499 3439 729 3527; x_wconf 79' lang='lat' dir='ltr'>(durrinpach).</span> <span class='ocrx_word' id='word_1_166' title='bbox 750 3440 950 3506; x_wconf 80' lang='lat' dir='ltr'>Obaurudus.</span> <span class='ocrx_word' id='word_1_167' title='bbox 966 3437 1023 3520; x_wconf 82' lang='lat' dir='ltr'>(de</span> <span class='ocrx_word' id='word_1_168' title='bbox 1036 3437 1193 3523; x_wconf 79' lang='lat' dir='ltr'>chambe).</span> <span class='ocrx_word' id='word_1_169' title='bbox 1210 3439 1283 3502; x_wconf 82' lang='lat' dir='ltr'>Fri-</span> 
     </span>
     <span class='ocr_line' id='line_1_26' title="bbox 83 3547 1261 3635; baseline -0.004 -21"><span class='ocrx_word' id='word_1_170' title='bbox 83 3547 217 3614; x_wconf 56' lang='lat' dir='ltr'>mdccc</span> <span class='ocrx_word' id='word_1_171' title='bbox 225 3547 801 3635; x_wconf 80' lang='lat' dir='ltr'>(lisze).Herrand(uuzzesprunuen)</span> <span class='ocrx_word' id='word_1_172' title='bbox 813 3553 1261 3628; x_wconf 79' lang='lat' dir='ltr'>(nomincl.interlineasscripta).</span> 
     </span>
    </p>
   </div>
   <div class='ocr_carea' id='block_1_12' title="bbox 592 3733 785 3806">
    <p class='ocr_par' dir='ltr' id='par_1_12' title="bbox 592 3733 785 3806">
     <span class='ocr_line' id='line_1_27' title="bbox 592 3733 785 3806; baseline 0.01 -2"><span class='ocrx_word' id='word_1_173' title='bbox 592 3733 785 3806; x_wconf 79' lang='lat' dir='ltr'>CCLXXlll.</span> 
     </span>
    </p>
   </div>
   <div class='ocr_carea' id='block_1_13' title="bbox 76 3873 1285 4608">
    <p class='ocr_par' dir='ltr' id='par_1_13' title="bbox 76 3873 1285 4608">
     <span class='ocr_line' id='line_1_28' title="bbox 176 3873 1277 3960; baseline 0.004 -24"><span class='ocrx_word' id='word_1_174' title='bbox 176 3873 287 3936; x_wconf 87' lang='lat' dir='ltr'>Notum</span> <span class='ocrx_word' id='word_1_175' title='bbox 308 3873 349 3936; x_wconf 91' lang='lat' dir='ltr'>sit</span> <span class='ocrx_word' id='word_1_176' title='bbox 373 3874 489 3938; x_wconf 88' lang='lat' dir='ltr'>cunctis</span> <span class='ocrx_word' id='word_1_177' title='bbox 512 3874 644 3938; x_wconf 89' lang='lat' dir='ltr'>ecclesie</span> <span class='ocrx_word' id='word_1_178' title='bbox 667 3873 749 3937; x_wconf 89' lang='lat' dir='ltr'>liliis.</span> <span class='ocrx_word' id='word_1_179' title='bbox 773 3873 902 3960; x_wconf 80' lang='lat' dir='ltr'>qualiter</span> <span class='ocrx_word' id='word_1_180' title='bbox 922 3874 1067 3938; x_wconf 81' lang='lat' dir='ltr'>dominus</span> <span class='ocrx_word' id='word_1_181' title='bbox 1088 3874 1277 3942; x_wconf 77' lang='lat' dir='ltr'>Altmunmm</span> 
     </span>
     <span class='ocr_line' id='line_1_29' title="bbox 81 3981 1285 4070; baseline 0.002 -26"><span class='ocrx_word' id='word_1_182' title='bbox 81 3981 291 4068; x_wconf 80' lang='lat' dir='ltr'>putauiemis</span> <span class='ocrx_word' id='word_1_183' title='bbox 307 3983 487 4070; x_wconf 81' lang='lat' dir='ltr'>episcopus.</span> <span class='ocrx_word' id='word_1_184' title='bbox 504 3985 584 4046; x_wconf 88' lang='lat' dir='ltr'>inter</span> <span class='ocrx_word' id='word_1_185' title='bbox 596 3981 654 4045; x_wconf 93' lang='lat' dir='ltr'>alia</span> <span class='ocrx_word' id='word_1_186' title='bbox 667 4003 726 4066; x_wconf 91' lang='lat' dir='ltr'>que</span> <span class='ocrx_word' id='word_1_187' title='bbox 739 3983 808 4046; x_wconf 90' lang='lat' dir='ltr'>huic</span> <span class='ocrx_word' id='word_1_188' title='bbox 820 3984 885 4046; x_wconf 90' lang='lat' dir='ltr'>loco</span> <span class='ocrx_word' id='word_1_189' title='bbox 904 3983 1038 4046; x_wconf 90' lang='lat' dir='ltr'>contulit.</span> <span class='ocrx_word' id='word_1_190' title='bbox 1057 3983 1285 4047; x_wconf 81' lang='lat' dir='ltr'>decimationem</span> 
     </span>
     <span class='ocr_line' id='line_1_30' title="bbox 83 4088 1284 4174; baseline 0.006 -25"><span class='ocrx_word' id='word_1_191' title='bbox 83 4088 244 4153; x_wconf 91' lang='lat' dir='ltr'>uinearum</span> <span class='ocrx_word' id='word_1_192' title='bbox 262 4091 438 4156; x_wconf 78' lang='lat' dir='ltr'>cbrnmisie.</span> <span class='ocrx_word' id='word_1_193' title='bbox 462 4091 588 4154; x_wconf 91' lang='lat' dir='ltr'>tradidit</span> <span class='ocrx_word' id='word_1_194' title='bbox 609 4091 641 4154; x_wconf 92' lang='lat' dir='ltr'>in</span> <span class='ocrx_word' id='word_1_195' title='bbox 662 4109 748 4156; x_wconf 90' lang='lat' dir='ltr'>usum</span> <span class='ocrx_word' id='word_1_196' title='bbox 774 4093 898 4154; x_wconf 84' lang='lat' dir='ltr'>fratrum</span> <span class='ocrx_word' id='word_1_197' title='bbox 921 4091 1037 4174; x_wconf 85' lang='lat' dir='ltr'>petenti</span> <span class='ocrx_word' id='word_1_198' title='bbox 1054 4111 1142 4155; x_wconf 91' lang='lat' dir='ltr'>mauu</span> <span class='ocrx_word' id='word_1_199' title='bbox 1159 4092 1209 4155; x_wconf 90' lang='lat' dir='ltr'>hie</span> <span class='ocrx_word' id='word_1_200' title='bbox 1227 4091 1284 4156; x_wconf 86' lang='lat' dir='ltr'>dec</span> 
     </span>
     <span class='ocr_line' id='line_1_31' title="bbox 83 4198 1284 4285; baseline 0.002 -23"><span class='ocrx_word' id='word_1_201' title='bbox 83 4203 116 4262; x_wconf 87' lang='lat' dir='ltr'>et</span> <span class='ocrx_word' id='word_1_202' title='bbox 132 4203 240 4264; x_wconf 86' lang='lat' dir='ltr'>sancte</span> <span class='ocrx_word' id='word_1_203' title='bbox 257 4198 351 4264; x_wconf 84' lang='lat' dir='ltr'>Maria</span> <span class='ocrx_word' id='word_1_204' title='bbox 368 4200 574 4264; x_wconf 89' lang='lat' dir='ltr'>seruientium.</span> <span class='ocrx_word' id='word_1_205' title='bbox 595 4198 661 4282; x_wconf 80' lang='lat' dir='ltr'>Qua</span> <span class='ocrx_word' id='word_1_206' title='bbox 676 4199 797 4264; x_wconf 87' lang='lat' dir='ltr'>traditio</span> <span class='ocrx_word' id='word_1_207' title='bbox 814 4199 979 4285; x_wconf 85' lang='lat' dir='ltr'>permansit</span> <span class='ocrx_word' id='word_1_208' title='bbox 995 4199 1171 4264; x_wconf 85' lang='lat' dir='ltr'>inconuulsa</span> <span class='ocrx_word' id='word_1_209' title='bbox 1188 4220 1284 4284; x_wconf 91' lang='lat' dir='ltr'>usque</span> 
     </span>
     <span class='ocr_line' id='line_1_32' title="bbox 76 4307 1284 4396; baseline 0.003 -26"><span class='ocrx_word' id='word_1_210' title='bbox 76 4307 121 4371; x_wconf 82' lang='lat' dir='ltr'>ad</span> <span class='ocrx_word' id='word_1_211' title='bbox 151 4327 365 4372; x_wconf 87' lang='lat' dir='ltr'>successorem</span> <span class='ocrx_word' id='word_1_212' title='bbox 394 4329 480 4373; x_wconf 89' lang='lat' dir='ltr'>suum</span> <span class='ocrx_word' id='word_1_213' title='bbox 506 4307 731 4396; x_wconf 73' lang='lat' dir='ltr'>Ileqindcrtum</span> <span class='ocrx_word' id='word_1_214' title='bbox 758 4309 952 4396; x_wconf 78' lang='lat' dir='ltr'>episcopum.</span> <span class='ocrx_word' id='word_1_215' title='bbox 981 4309 1032 4391; x_wconf 91' lang='lat' dir='ltr'>qui</span> <span class='ocrx_word' id='word_1_216' title='bbox 1061 4327 1125 4371; x_wconf 88' lang='lat' dir='ltr'>eam</span> <span class='ocrx_word' id='word_1_217' title='bbox 1147 4308 1284 4391; x_wconf 87' lang='lat' dir='ltr'>inprimis</span> 
     </span>
     <span class='ocr_line' id='line_1_33' title="bbox 81 4415 1283 4500; baseline 0.003 -22"><span class='ocrx_word' id='word_1_218' title='bbox 81 4415 198 4480; x_wconf 89' lang='lat' dir='ltr'>irritam</span> <span class='ocrx_word' id='word_1_219' title='bbox 223 4415 308 4480; x_wconf 86' lang='lat' dir='ltr'>fecit.</span> <span class='ocrx_word' id='word_1_220' title='bbox 341 4415 405 4480; x_wconf 87' lang='lat' dir='ltr'>Sed</span> <span class='ocrx_word' id='word_1_221' title='bbox 427 4416 524 4481; x_wconf 87' lang='lat' dir='ltr'>isdem</span> <span class='ocrx_word' id='word_1_222' title='bbox 546 4417 707 4500; x_wconf 89' lang='lat' dir='ltr'>episcopus</span> <span class='ocrx_word' id='word_1_223' title='bbox 729 4420 854 4498; x_wconf 83' lang='lat' dir='ltr'>rogatus</span> <span class='ocrx_word' id='word_1_224' title='bbox 871 4421 902 4480; x_wconf 93' lang='lat' dir='ltr'>et</span> <span class='ocrx_word' id='word_1_225' title='bbox 918 4415 1088 4480; x_wconf 88' lang='lat' dir='ltr'>admonitus</span> <span class='ocrx_word' id='word_1_226' title='bbox 1105 4437 1121 4478; x_wconf 90' lang='lat' dir='ltr'>a</span> <span class='ocrx_word' id='word_1_227' title='bbox 1138 4415 1283 4482; x_wconf 85' lang='lat' dir='ltr'>iratribus</span> 
     </span>
     <span class='ocr_line' id='line_1_34' title="bbox 81 4523 1284 4608; baseline 0 -20"><span class='ocrx_word' id='word_1_228' title='bbox 81 4529 113 4590; x_wconf 91' lang='lat' dir='ltr'>ut</span> <span class='ocrx_word' id='word_1_229' title='bbox 128 4525 212 4590; x_wconf 89' lang='lat' dir='ltr'>litem</span> <span class='ocrx_word' id='word_1_230' title='bbox 233 4524 367 4590; x_wconf 89' lang='lat' dir='ltr'>sedaret.</span> <span class='ocrx_word' id='word_1_231' title='bbox 391 4545 494 4590; x_wconf 88' lang='lat' dir='ltr'>coram</span> <span class='ocrx_word' id='word_1_232' title='bbox 518 4523 672 4590; x_wconf 83' lang='lat' dir='ltr'>fratribus.</span> <span class='ocrx_word' id='word_1_233' title='bbox 696 4529 727 4587; x_wconf 88' lang='lat' dir='ltr'>et</span> <span class='ocrx_word' id='word_1_234' title='bbox 749 4525 812 4588; x_wconf 89' lang='lat' dir='ltr'>suis</span> <span class='ocrx_word' id='word_1_235' title='bbox 829 4525 1075 4590; x_wconf 88' lang='lat' dir='ltr'>ministerialibus</span> <span class='ocrx_word' id='word_1_236' title='bbox 1093 4523 1230 4590; x_wconf 87' lang='lat' dir='ltr'>decreuit</span> <span class='ocrx_word' id='word_1_237' title='bbox 1252 4528 1284 4608; x_wconf 71' lang='lat' dir='ltr'>ut</span> 
     </span>
    </p>
   </div>
   <div class='ocr_carea' id='block_1_14' title="bbox 81 4632 1283 4794">
    <p class='ocr_par' dir='ltr' id='par_1_14' title="bbox 81 4632 1283 4794">
     <span class='ocr_line' id='line_1_35' title="bbox 81 4632 1283 4720; baseline -0.001 -23"><span class='ocrx_word' id='word_1_238' title='bbox 81 4634 316 4699; x_wconf 87' lang='lat' dir='ltr'>decimationem</span> <span class='ocrx_word' id='word_1_239' title='bbox 342 4633 494 4700; x_wconf 89' lang='lat' dir='ltr'>uinearum</span> <span class='ocrx_word' id='word_1_240' title='bbox 512 4655 528 4696; x_wconf 92' lang='lat' dir='ltr'>a</span> <span class='ocrx_word' id='word_1_241' title='bbox 548 4633 647 4717; x_wconf 75' lang='lat' dir='ltr'>(lucin</span> <span class='ocrx_word' id='word_1_242' title='bbox 667 4633 818 4698; x_wconf 84' lang='lat' dir='ltr'>cbrcmisi</span> <span class='ocrx_word' id='word_1_243' title='bbox 832 4653 888 4720; x_wconf 85' lang='lat' dir='ltr'>per</span> <span class='ocrx_word' id='word_1_244' title='bbox 904 4632 1086 4698; x_wconf 85' lang='lat' dir='ltr'>descensum</span> <span class='ocrx_word' id='word_1_245' title='bbox 1102 4633 1202 4718; x_wconf 86' lang='lat' dir='ltr'>platee</span> <span class='ocrx_word' id='word_1_246' title='bbox 1225 4653 1283 4719; x_wconf 89' lang='lat' dir='ltr'>que</span> 
     </span>
     <span class='ocr_line' id='line_1_36' title="bbox 1027 4740 1064 4794; baseline 0 -26"><span class='ocrx_word' id='word_1_247' title='bbox 1027 4740 1064 4794; x_wconf 64' lang='grc' dir='ltr'>ὅ·</span> 
     </span>
    </p>
   </div>
   <div class='ocr_carea' id='block_1_15' title="bbox 0 0 1566 5096">
    <p class='ocr_par' dir='ltr' id='par_1_15' title="bbox 0 0 1566 5096">
     <span class='ocr_line' id='line_1_37' title="bbox 0 0 1566 5096; baseline 0 4"><span class='ocrx_word' id='word_1_248' title='bbox 0 0 1566 5096; x_wconf 95' lang='lat' dir='ltr'> </span> 
     </span>
    </p>
   </div>
  </div>
 </body>
</html>
