3074 5094
290 333 367 404 306

290 510 328 574 ad
351 508 559 573 monasterium
583 508 812 576 Chotewioensc
834 533 889 596 per
905 511 1051 575 maliciam
1067 511 1248 576 disturbare.
1272 511 1386 576 Verum
1403 513 1472 596 quia

289 617 394 682 cadem
417 639 506 681 causa
527 639 582 701 per
606 619 834 702 appellationem
858 641 874 682 a
898 621 979 684 curia
1000 639 1119 682 romana
1142 621 1227 684 uobis
1250 624 1298 683 est
1318 620 1471 702 delegata,

289 747 342 790 nos
363 727 496 808 ejusdem
519 748 611 791 cause
636 728 751 791 meritis
776 728 950 810 diligentius
982 730 1171 801 examinatis,
1202 727 1339 811 partibus
1370 749 1472 791 coram

290 834 377 898 nobis
390 835 569 907 constitutis,
586 835 727 918 quicquid
739 843 802 900 erat
814 843 915 900 contra
927 837 1072 901 iusticiam
1085 838 1310 920 adtemptatum,
1324 838 1487 900 cassando.

288 945 478 1007 irritauimus.
503 943 548 1006 Nc
571 949 667 1008 autem
683 943 781 1006 Abbas
797 945 936 1008 Rotensis
957 965 1013 1028 per
1034 947 1166 1008 fauorem
1188 946 1403 1008 aduocatorum
1420 951 1473 1008 aut

286 1053 456 1116 violentiam
485 1052 696 1114 monasterium
729 1051 955 1117 Chotewicensc
988 1054 1131 1137 deinceps
1155 1055 1264 1117 audeat
1290 1055 1473 1137 inquietare,

290 1141 492 1244 supplicamus
515 1161 670 1224 serenitati
691 1165 807 1232 vestre,
832 1165 864 1226 vt
878 1163 909 1224 in
926 1163 1039 1226 eisdem
1052 1162 1298 1246 possessionibus
1315 1162 1474 1226 Chotewi-

287 1289 377 1334 oense
390 1269 598 1332 monasterium
615 1268 794 1342 defendatis,
807 1271 1002 1353 precipiendo
1020 1272 1171 1335 aduocatis
1189 1273 1308 1335 domiuo
1325 1275 1367 1336 H.
1385 1278 1416 1334 ct
1437 1273 1473 1336 0.

286 1379 324 1442 de
340 1379 442 1450 Potin,
465 1383 497 1441 ut
520 1377 656 1457 abbatem
678 1379 838 1442 Rutensem
865 1379 901 1443 ab
926 1379 1033 1443 iniusta
1056 1381 1212 1444 inuasione
1229 1387 1429 1464 compescant
1446 1385 1476 1443 et

288 1487 384 1550 omnia
408 1485 564 1550 occasione
596 1485 683 1549 huius
711 1487 771 1548 litis
794 1486 890 1550 ablata
911 1487 1084 1562 restituant,
1115 1495 1145 1554 ct
1166 1489 1305 1553 homines
1336 1489 1475 1561 colonos,

286 1597 316 1659 in
341 1594 454 1657 eisdem
476 1595 717 1678 possessionibus
733 1594 910 1666 habitantes,
928 1597 1090 1660 secundum
1111 1599 1259 1683 antiquam
1276 1598 1475 1662 consuetudi-

286 1724 352 1766 nem
369 1703 475 1766 Abbati
492 1701 711 1766 Chotewicensi
727 1707 843 1770 seruire
858 1707 1036 1789 precipiunt.

829 1839 910 1908 XLI.

285 1956 360 2014 12³5.
375 1989 408 1996 —
421 1957 558 2010 Dicselbcn
571 1957 656 2026 geben
670 1955 719 2008 don
729 1943 851 2010 Pfarrern
864 1957 889 2030 ip
903 1957 1156 2028 Gumpoldslrirchen
1170 1959 1222 2012 und
1235 1959 1414 2029 Grillenbcrg
1427 1961 1476 2014 den

283 2049 411 2117 Ausa-ag,
433 2047 494 2100 dass
516 2048 554 2100 sio
575 2047 629 2100 sich
646 2049 712 2100 nach
730 2047 869 2102 Schwarza
884 2049 1008 2116 verlfigen
1027 2048 1079 2102 und
1093 2049 1135 2101 die
1150 2049 1273 2118 dortigen
1289 2051 1477 2104 Uutertbaneu

284 2157 341 2192 nuru
356 2139 498 2192 Gehorsam
517 2156 602 2209 gagen
624 2139 674 2191 den
694 2139 748 2192 Abt
770 2157 818 2192 von
835 2139 967 2208 Giittweig
989 2139 1041 2192 und
1062 2141 1133 2193 scine
1147 2141 1296 2194 Amtsleute
1319 2141 1477 2201 ver-bultem

219 2250 221 2254 ·
285 2231 351 2284 auctr
375 2231 457 2283 sollcn
476 2229 514 2282 sie
536 2231 577 2283 dic
598 2231 682 2300 Vdgte
701 2217 861 2292 au'tlordern,
893 2232 954 2284 dass
974 2232 1013 2284 sie
1034 2231 1223 2301 pfliehlmassig
1243 2231 1323 2302 jeden
1350 2231 1479 2285 feruores

285 2322 397 2392 Eingritl'
407 2321 453 2374 des
472 2321 554 2374 Abtes
575 2339 624 2376 ron
644 2321 694 2375 Rot
709 2321 875 2385 verbiudern,
898 2322 950 2374 nnd
973 2322 1014 2375 die
1028 2325 1200 2392 Zuru'ckgabc
1218 2323 1282 2376 alles
1301 2323 1478 2393 Eutzogener

760 2415 997 2484 bewerlrstelligcn.

812 2506 945 2566 [Original.]

378 2589 410 2653 ll
433 2587 531 2650 divina
561 2587 750 2650 miseratione
772 2588 870 2652 Abbas
902 2589 939 2652 de
969 2589 1133 2660 Gaersten,
1163 2590 1200 2654 Β,
1230 2590 1413 2672 prepositus
1442 2590 1480 2653 de

286 2697 370 2761 domo
388 2720 412 2759 s.
431 2696 571 2768 Floriani,
591 2697 632 2760 W.
651 2697 781 2760 decanus
799 2697 836 2760 de
852 2698 965 2769 Aneso,
1002 2698 1116 2760 iudices
1148 2696 1183 2759 ab
1206 2699 1379 2779 apostolica
1404 2700 1480 2763 sede

285 2807 416 2890 delegati
431 2806 556 2870 Dilectis
574 2807 603 2868 in
620 2805 738 2871 Christo
756 2807 907 2880 fratribus,
927 2810 959 2872 Ο.
973 2807 1002 2869 in
1021 2806 1324 2894 Gumpoltsdirclren,
1343 2815 1379 2872 et
1396 2812 1433 2875 S.
1452 2813 1481 2873 in

287 2918 505 3003 Grillenperpc
523 2914 550 3001 1)
574 2914 707 2999 plebanis
732 2916 879 2979 sinceram
907 2895 1074 2981 dilectionis
1103 2917 1310 2980 constantiam.
1343 2917 1482 2984 Noucrit

285 3026 404 3090 dilectio
421 3031 538 3096 vestra,
561 3025 639 3107 quud
661 3046 780 3088 causam
804 3026 1001 3109 appelationis
1024 3047 1060 3090 ex
1083 3033 1168 3110 parte
1184 3025 1308 3088 Abbatis
1333 3027 1481 3092 Chotwi-

285 3135 386 3199 censis
411 3139 513 3198 contra
536 3133 680 3197 Abbatem
709 3133 869 3199 Rutensem
893 3156 983 3218 super
1004 3135 1246 3218 possessionibus
1268 3135 1299 3208 in
1321 3137 1480 3215 Sacarum,

284 3243 417 3328 partibus
441 3263 540 3308 coram
562 3243 646 3306 nobis
671 3243 841 3307 constitutis
864 3243 1036 3324 diligentius
1059 3243 1289 3306 examinauimus
1312 3251 1344 3308 et
1371 3247 1480 3328 legiti-

284 3375 360 3417 mam
385 3355 477 3418 fuisse
499 3351 702 3415 iudicauimus.
734 3351 881 3436 Quicquid
904 3372 977 3434 ergo
1001 3373 1037 3414 ea
1058 3353 1233 3434 interposita
1255 3353 1479 3439 adtemptatum

285 3465 341 3528 fuit
355 3484 410 3547 per
426 3461 598 3526 missionem
613 3461 642 3523 in
658 3461 881 3544 possessionem
898 3461 1049 3531 bonorum,
1070 3461 1101 3523 in
1116 3462 1230 3523 irritum
1247 3467 1479 3530 reuocauimus.

285 3573 471 3637 Auctoritate
495 3571 585 3650 igitur
616 3569 701 3632 nobis
725 3572 857 3632 iniuncta
879 3570 963 3634 vobis
987 3569 1125 3632 districte
1146 3571 1347 3654 precipimus,
1381 3580 1420 3638 ut
1444 3577 1480 3639 ad

286 3682 406 3748 easdem
428 3679 511 3744 villas
536 3680 705 3751 accedatis,
735 3687 764 3742 et
787 3677 952 3743 hominihus
975 3678 1030 3741 sub
1055 3699 1131 3762 pena
1149 3681 1480 3750 excommunicacionis

285 3791 450 3860 mandetis,
467 3809 504 3850 ne
521 3788 558 3851 ad
575 3788 711 3852 abbatem
735 3789 895 3852 Rotcnsem
913 3789 1037 3872 aliquem
1055 3788 1183 3852 habeant
1199 3795 1400 3871 respectum,
1426 3795 1479 3859 sed

284 3899 391 3963 Abbati
409 3898 627 3962 Chotewicensi
644 3903 674 3960 et
690 3899 751 3960 suis
777 3897 955 3962 ollicialibus
973 3897 1130 3970 obediant,
1147 3897 1290 3971 seruiunt,
1307 3907 1338 3964 et
1358 3923 1478 3968 secun·

286 4008 354 4071 dum
371 4009 519 4091 antiquam
536 4007 779 4071 consuetudinem
796 4007 1008 4092 obsequantur,
1033 4007 1194 4070 Aduocatis
1210 4027 1329 4092 quoque
1349 4011 1478 4077 domino

284 4117 435 4184 Heinrico
452 4121 482 4180 et
500 4117 534 4181 0.
558 4117 643 4180 fratri
665 4138 718 4180 suo
745 4116 781 4180 de
805 4118 898 4182 Potio
907 4113 936 4200 2)
961 4117 1137 4180 auctoritate
1160 4117 1326 4199 apostolica
1344 4119 1477 4186 distric-

283 4225 398 4289 tissime
419 4226 582 4308 precipite,
605 4232 636 4289 ut
652 4226 795 4290 Abbatem
817 4226 977 4288 Rutensem
999 4225 1034 4288 ab
1059 4227 1212 4290 inuasione
1229 4225 1476 4294 Chotewiccnsis

284 4335 457 4400 monasterii
469 4335 499 4396 in
512 4335 625 4398 eisdem
638 4328 939 4418 bonis'oompescant,
957 4341 986 4398 et
996 4333 1105 4398 nullam
1122 4334 1268 4418 deinceps
1284 4336 1342 4400 rim
1356 4337 1476 4404 inferro

283 4445 464 4530 permittant,
479 4449 510 4507 et
521 4445 547 4506 si
559 4445 629 4530 quid
642 4447 789 4506 retentum
802 4446 848 4506 est
859 4443 1017 4507 occasione
1034 4443 1119 4508 huius
1133 4442 1344 4516 dissensionis,
1358 4447 1476 4512 Abbati

285 4553 505 4618 Chotewicensi
521 4573 587 4618 oum
602 4553 774 4636 integritate
790 4553 972 4616 restituatur.
