3074 5094
282 343 357 416 282

352 517 384 590 3)
404 517 465 571 Loc.
485 517 529 569 cit.
548 515 592 574 Nr.
605 517 689 571 XLIV.
708 516 971 579 Wizilinisdorl‚
991 515 1016 568 in
1036 515 1082 570 der
1100 515 1174 568 Naue
1197 513 1245 569 deo
1265 514 1360 568 Stit'tco
1384 513 1455 584 gele-

282 625 332 680 gen
352 609 434 681 (jetzt
451 609 497 662 mit
515 610 670 662 lldbonbach
695 609 851 680 vereinigt),
877 609 925 664 wie
945 607 991 662 auf
1014 609 1061 662 der
1078 607 1247 662 Ausoenacite
1271 606 1319 660 der
1337 604 1455 660 Urkundc

281 702 364 756 solbet
382 718 431 754 von
450 700 511 754 sehr
530 699 596 752 alter
619 699 692 754 Haud
715 699 867 770 angegebon
886 699 934 754 ist:
961 700 988 755 ln
1008 698 1099 754 Officio
1118 701 1195 754 circu
1213 697 1348 760 Mentem,
1372 696 1457 748 Wicr-

283 792 419 846 leinsdorl.

835 943 928 1013 xp,

283 1077 359 1151 12⁰0,
379 1079 462 1138 ullor.
478 1109 510 1118 -
531 1077 597 1132 Grai
616 1077 719 1132 Lintold
744 1096 792 1132 von
818 1079 937 1133 Hardack
962 1079 1118 1152 verpfandot
1140 1078 1182 1133 dic
1206 1077 1300 1148 Vogtei
1325 1079 1391 1131 r‘rber
1415 1075 1459 1128 des

284 1173 345 1224 Amt
363 1169 452 1224 llanna
471 1171 517 1224 mit
542 1170 610 1222 allen
629 1169 745 1222 liechton
769 1169 822 1222 und
842 1169 997 1224 Einlrfrnfton
1017 1172 1075 1225 dem
1100 1171 1179 1224 Stilto
1199 1169 1335 1239 Gottweig
1352 1169 1396 1220 idi·
1420 1167 1457 1218 eia

283 1262 413 1316 Darlehen
431 1277 481 1314 von
500 1260 612 1314 hundert
631 1261 718 1321 illaria,
745 1261 792 1314 anf
809 1261 1060 1332 Wicdereinldsnng.
1079 1263 1132 1315 Der
1149 1261 1336 1322 Laudesiiirst,
1359 1260 1460 1327 Herzog

363 1352 495 1424 Lcopold,
508 1350 634 1420 hastatigt
653 1350 744 1404 diesen
764 1348 888 1404 Contract
910 1352 957 1406 rnit
976 1353 1138 1423 Anhtngung
1162 1353 1247 1406 seinos
1267 1351 1382 1422 Siegels.

808 1443 941 1504 [original]

373 1543 410 1606 ln
438 1543 591 1608 Nomine
623 1540 767 1606 Sancte
799 1546 837 1603 et
868 1541 1074 1605 lndiuidue
1102 1540 1310 1606 Trinitatis
1339 1545 1459 1606 Amen.

287 1653 430 1735 Quoniam
446 1653 525 1714 facta
547 1649 714 1714 mortalium
735 1649 939 1734 temporalium
964 1655 1105 1714 secuntur
1127 1653 1247 1722 motum,
1272 1650 1347 1714 utile
1363 1655 1413 1712 est
1428 1669 1460 1712 ca

286 1761 392 1825 litteris
408 1767 559 1832 annotare,
577 1760 663 1823 utsic
680 1759 848 1823 memoriam
865 1761 910 1822 sui
926 1761 1056 1842 posteris
1071 1759 1188 1822 ualeant
1200 1758 1353 1822 exhibere.
1380 1758 1462 1822 Sciat

287 1869 378 1952 igitur
401 1873 460 1930 tam
485 1887 610 1952 presens
634 1887 718 1949 quam
743 1867 840 1930 futura
864 1875 944 1939 etas,
969 1867 1095 1952 qualiter
1117 1887 1217 1932 comes
1239 1868 1404 1932 Lictoldua
1426 1864 1462 1926 de

288 1979 454 2044 Hardelle
464 1976 501 2062 ¹),
520 1976 650 2040 ecclesie
665 1977 888 2042 Cdotcooiccnai
901 1984 931 2042 et
947 1979 1105 2042 conuentui
1118 1977 1251 2040 eiusdem
1263 1977 1322 2038 loci
1338 1975 1466 2038 aduoca-

287 2089 359 2150 tiam
375 2087 465 2170 super
486 2087 564 2148 omni
585 2085 689 2168 predio
714 2086 750 2148 ad
775 2085 924 2148 officinam
946 2105 1030 2148 suam
1052 2085 1081 2146 in
1104 2086 1256 2167 uacuae)
1281 2089 1466 2168 spectantem

289 2217 356 2260 cum
381 2196 458 2259 omni
481 2216 604 2278 prorsus
635 2195 699 2257 iure
724 2199 755 2258 et
777 2195 922 2277 pensione
950 2194 1066 2258 nomine
1089 2193 1224 2278 pignoris
1248 2192 1411 2274 obligauit,
1434 2213 1466 2255 ea

289 2303 369 2388 lege,
394 2310 426 2366 ut
450 2324 550 2367 omnes
574 2304 688 2367 fructus
713 2303 845 2366 eiusdem
870 2302 1024 2366 aduocatie
1046 2303 1102 2364 iam
1126 2303 1205 2368 dicto
1230 2302 1337 2366 cedant
1367 2321 1468 2364 mona-

290 2415 399 2487 sterio,
434 2433 490 2476 nee
514 2415 559 2475 fas
584 2412 623 2474 sit
647 2412 735 2475 alicui
759 2418 860 2494 preter
890 2412 1054 2476 debitorem
1085 2411 1134 2495 qui
1161 2430 1225 2474 rem
1248 2410 1411 2494 obligauit,
1434 2430 1469 2472 cx

290 2524 375 2586 iussu
398 2542 452 2585 suo
476 2523 583 2604 pignus
601 2519 761 2602 obligatum
785 2520 915 2596 soluere,
943 2519 996 2582 sed
1021 2521 1060 2582 sit
1081 2539 1174 2603 penes
1198 2540 1251 2604 cos
1275 2525 1335 2583 tam
1358 2521 1469 2602 pignus

291 2653 378 2717 quam
394 2632 507 2693 fructus
532 2631 676 2712 pignoris,
701 2630 797 2693 donec
822 2628 928 2693 Comes
953 2629 1076 2692 Centum
1101 2650 1225 2702 marcas,
1251 2630 1359 2714 quibus
1375 2629 1469 2693 aduo-

292 2741 370 2806 catia
401 2745 448 2802 cst
477 2739 626 2820 obligata,
661 2738 791 2802 ecclesie
820 2741 968 2803 restituat.
1000 2739 1109 2802 Verum
1138 2739 1204 2822 quia
1237 2743 1411 2802 contractus
1437 2759 1472 2802 ex

293 2850 489 2913 conuentione
514 2848 612 2930 legem
637 2850 786 2932 accipiunt
809 2848 971 2912 secundum
995 2849 1118 2912 sormam
1141 2849 1190 2910 hio
1214 2867 1398 2932 expressam,
1415 2865 1470 2928 ego

292 2958 464 3044 Liupolduc
481 2957 537 3018 dux
552 2957 669 3020 Austrie
693 2957 770 3019 hunc
787 2962 970 3020 contractum
994 2955 1084 3037 sigilli
1107 2957 1165 3018 mei
1188 2956 1380 3038 inpressione
1398 2975 1471 3018 con-

293 3067 387 3130 firmo.
413 3066 504 3132 Huius
528 3067 572 3128 rei
594 3071 688 3129 testes
712 3071 790 3128 sunt.
808 3067 980 3154 Liupoldua
1003 3065 1060 3130 dux
1075 3067 1202 3128 Austrie.
1228 3065 1334 3128 Comes
1349 3065 1470 3128 Liodol·

295 3175 361 3239 due.
381 3175 521 3238 Dominus
539 3157 718 3241 lludmcruc
735 3176 772 3238 de
798 3175 987 3262 Chaurinpe.
1007 3175 1189 3240 Wclrorduc
1204 3173 1330 3258 dapifer.
1353 3171 1469 3238 uddul-

291 3289 345 3368 fue
374 3285 410 3347 de
432 3285 614 3368 Botondorf.
646 3286 857 3372 Marquardua
888 3285 926 3348 dc
953 3284 1140 3372 Hiotpcrclu.
1177 3260 1334 3350 leotrico
1361 3291 1470 3347 murro

295 3401 324 3457 et
346 3393 423 3458 filins
447 3415 517 3458 suns
545 3395 659 3460 Vtricuo
682 3395 869 3458 marscalcus.
898 3395 1065 3460 Haterium
1095 3393 1133 3456 dc
1158 3393 1355 3481 Coctyo‘uycn.
1388 3388 1469 3479 (sic)

296 3501 447 3586 liedulfus
470 3503 507 3566 de
530 3501 804 3592 Sponmccnninpc.

366 3628 419 3680 Das
438 3627 520 3682 leidcr
533 3629 657 3682 verletzte
671 3627 838 3700 (cinseitige)
851 3628 1045 3698 auter-siege!
1057 3629 1138 3698 nangt
1150 3643 1182 3680 an
1201 3631 1299 3696 gotinen
1312 3625 1366 3680 und
1379 3626 1471 3679 rothen

298 3717 480 3772 Scidenftden.
500 3717 554 3770 Der
572 3719 674 3788 Herzog
691 3722 761 3790 tragt
780 3719 854 3774 einen
867 3721 999 3774 Fasahelm
1017 3717 1162 3780 mil-Visier,
1182 3717 1256 3772 einen
1275 3717 1378 3770 breitcn
1398 3717 1472 3770 luen-

297 3808 424 3878 ldrmigen
438 3808 536 3871 Schild,
550 3812 629 3864 etwas
642 3811 708 3864 nach
721 3811 808 3862 rechts
822 3807 998 3880 (heraldiselr)
1012 3809 1128 3877 geneigt,
1141 3807 1215 3862 daria
1228 3807 1270 3860 ein
1288 3810 1337 3877 gut
1349 3807 1472 3878 gcacieh·

296 3901 371 3952 noter
389 3898 483 3963 noter,
509 3917 538 3952 so
563 3899 611 3952 wie
636 3901 702 3952 auch
728 3899 754 3952 in
779 3900 826 3954 der
844 3900 940 3952 Fahne.
965 3899 1118 3952 Umschrift:
1144 3899 1168 3968 †
1193 3895 1388 3952 LIVPOLDUS.
1419 3897 1471 3951 ΒΕ]

300 3987 433 4043 GRACld.
461 3991 536 4044 DVX.
563 3989 716 4045 AvsTalla.
736 3992 788 4044 llas
806 3991 872 4044 Uin
900 3990 947 4043 der
970 3989 1042 4044 Silbe
1067 3990 1141 4052 ltus,
1160 3990 1214 4044 und
1233 3989 1314 4044 dicll
1342 3989 1401 4044 sind
1427 3992 1472 4044 ab·

299 4079 435 4150 gerundet.

373 4171 444 4224 Eheu
470 4171 555 4224 dieses
575 4171 735 4224 einiachc
756 4172 921 4242 herzogliche
950 4172 1039 4242 Siegel
1063 4174 1221 4227 veranlasste
1248 4190 1294 4226 zur
1315 4173 1474 4242 Einreilmng

302 4261 348 4314 der
372 4260 493 4316 Urkunde
513 4279 568 4314 vor
587 4262 644 4314 das
662 4262 743 4314 Jahr
763 4262 840 4324 1207,
859 4262 917 4316 weil
928 4261 1029 4333 Herzog
1047 4262 1164 4336 Leopold
1183 4263 1223 4316 Vl.
1242 4263 1306 4330 (Vll.
1328 4263 1376 4318 dor
1396 4264 1473 4318 Glor-

302 4351 403 4418 reiche)
421 4353 476 4404 sich
495 4351 628 4422 spaterlrin
642 4352 801 4420 gewdhnlich
815 4352 885 4406 eines
904 4353 1149 4423 zweiseitigen,
1164 4353 1190 4408 d.
1204 4354 1229 4406 h.
1248 4353 1472 4424 Mdnzsiegols

303 4443 439 4504 bedicnte‚
459 4443 508 4495 wic
525 4443 571 4496 Dr.
585 4461 607 4496 v.
627 4443 728 4496 llciller
738 4442 765 4496 in
778 4443 827 4496 den
839 4443 1022 4514 Babcnlrerger
1038 4445 1168 4514 Regesten
1189 4445 1233 4517 (S.
1249 4446 1310 4499 241.
1324 4447 1393 4500 Note
1406 4445 1472 4513 284)

304 4534 428 4585 bomerkt.
458 4565 492 4572 —
520 4533 591 4603 (vgt.
614 4531 710 4602 jedoch
741 4535 783 4588 die
814 4535 952 4606 folgenden
980 4535 1042 4588 zwei
1067 4535 1206 4589 Urkundcn
1234 4535 1285 4590 und
1312 4537 1358 4590 Nr.
1390 4537 1472 4592 xxti.
