3094 5094
1199 375 1273 446 103

89 548 159 613 rexit
180 551 341 622 6661614,
370 549 525 614 mensibus
550 553 580 623 9,
604 550 710 614 diebus
734 553 789 615 26.
821 551 860 615 ut
887 550 965 616 diem
984 551 1094 616 elausit
1115 556 1279 616 extremum

89 659 136 722 26.
152 659 262 722 mensis
276 657 457 731 decembris,
474 658 504 721 id
522 664 578 732 est,
600 659 650 722 die
667 660 715 722 sti.
735 659 882 742 Stephani
897 661 1158 744 prothomartyris.
1176 660 1279 724 Preci-

87 787 156 852 puus
172 768 286 831 zelator
301 767 469 848 religionis.
501 767 541 832 llt
556 769 614 832 fuit
629 769 743 833 arcium
766 768 935 834 liberalium
952 769 1099 853 Magister
1122 770 1277 852 egregius.

88 879 174 940 luno.
193 873 292 941 1482.

170 985 226 1049 Cui
243 986 402 1050 Successit
416 985 613 1049 Reuerendus
631 985 773 1049 Paterae
790 985 934 1050 Dominus
950 987 1120 1053 1111611166
1136 992 1221 1052 66166
1239 987 1277 1052 da

86 1095 178 1168 81116,
203 1097 327 1178 electus¹
347 1115 423 1160 anno
449 1091 546 1160 1482.
570 1095 619 1157 die
635 1095 732 1166 Lune,
760 1093 864 1159 ultima
893 1096 1065 1160 decembris
1091 1147 1098 1162 .
1124 1145 1131 1159 .
1159 1145 1166 1160 .
1191 1077 1200 1159 ζ
1226 1146 1233 1160 .
1260 1118 1276 1161 6

86 1205 343 1269 Reuerendissimo
365 1209 424 1267 etc.
449 1204 567 1268 domino
590 1203 726 1285 Georgia
754 1204 925 1287 presbitero
950 1201 1101 1268 Cardinali
1123 1205 1275 1290 Episcopo

84 1315 243 1399 patauiansi
258 1334 337 1377 nona
353 1315 465 1377 mensis
481 1313 617 1377 tannarii
634 1312 835 1377 confirmatus.
853 1313 1019 1378 accedente
1042 1361 1182 1378 .....
1201 1337 1276 1381 cou-

85 1443 171 1486 66666
186 1421 394 1506 imperialium.
420 1423 503 1484 Auno
521 1421 631 1485 domini
647 1419 804 1484 M.⁰CCCC?
821 1421 874 1488 89.
892 1423 969 1486 obiit
989 1424 1173 1488 reuerendus
1190 1428 1278 1508 pater

85 1531 214 1595 domiuus
237 1532 407 1597 Erbordus
434 1530 528 1594 abbas
555 1531 643 1593 buius
666 1530 841 1594 monasterii
864 1529 1066 1596 Gotwicensis
1094 1532 1142 1595 die
1164 1532 1276 1616 yduum

84 1639 182 1704 ltareii
200 1641 251 1724 qui
267 1641 445 1706 1611166616
461 1644 578 1722 septem
594 1638 749 1702 mensibus
766 1638 883 1703 duobus
900 1640 1006 1705 diebus
1025 1641 1077 1704 lli.

168 1747 244 1812 Huic
260 1751 409 1814 successit
425 1747 611 1812 reuerendus
627 1748 656 1810 in
675 1747 796 1812 Christo
818 1755 906 1831 pater
922 1753 959 1812 “ct
980 1749 1119 1813 dominus
1139 1750 1276 1814 dominus

83 1855 216 1922 dlatbiaa
242 1856 340 1920 dictus
363 1856 539 1922 acbotbner
561 1876 597 1918 ex
617 1857 749 1921 Krcmbe
772 1856 890 1921 electus
904 1856 1021 1926 ¹eodem
1044 1879 1120 1921 anno
1147 1858 1200 1922 89.
1225 1859 1275 1922 die

83 1967 219 2028 vicesima
237 1967 342 2029 marcii
358 1971 442 2029 sexta
459 1966 600 2028 videlicet
616 1967 692 2028 feria
709 1970 778 2049 post
793 1966 990 2030 reminiscere
1011 1968 1042 2030 in
1059 1967 1162 2049 vigilia
1179 1967 1275 2032 sancti

82 2073 243 2138 benedicti.
276 2074 381 2138 Dictus
402 2075 546 2140 Motbics
577 2074 774 2139 Scbctbtncr
796 2079 984 2139 constructor
1016 2076 1115 2139 extitit
1135 2077 1220 2141 curie
1243 2077 1274 2140 in

83 2183 200 2248 Nidem
209 2185 314 2248 116116.
334 2183 391 2266 Qui
403 2188 433 2246 et
443 2186 590 2266 episcopo
599 2183 767 2268 patauiensi
783 2185 813 2246 in
823 2184 994 2248 visitatione
1007 2184 1133 2268 quadam
1144 2185 1274 2248 viriliter

83 2293 187 2356 restitit
203 2298 237 2356 et
252 2312 331 2375 pene
347 2293 386 2356 de
410 2292 548 2356 omnibus
565 2295 629 2356 suis
646 2293 743 2356 tenuit
764 2293 918 2357 victoriam
935 2294 1074 2357 inimicis.
1108 2293 1166 2376 Qui
1182 2294 1272 2357 etiam

83 2399 161 2484 plura
188 2400 267 2464 bona
300 2401 482 2464 monasterio
513 2421 529 2463 6
560 2422 708 2466 66616166
739 2402 879 2464 redemit.
919 2401 957 2464 ut
987 2403 1098 2467 1161166
1131 2404 1272 2484 rigorose

83 2508 371 2582 (166616)116616611.
400 2511 484 2576 Obiit
502 2517 599 2576 autem
618 2513 703 2576 Anno
716 2512 844 2595 septimo
863 2533 954 2596 super
973 2511 1165 2577 Mitissimum
1184 2515 1273 2598 quin-

82 2623 277 2704 gentesimum
294 2623 324 2685 in
339 2623 476 2705 profesto
493 2620 606 2684 Sancte
621 2620 825 2702 Margarethe.

167 2729 225 2794 Cui
242 2731 391 2794 successit
406 2730 604 2794 Reverendus
620 2730 650 2793 in
668 2729 788 2794 Christo
812 2735 899 2815 pater
924 2735 955 2794 et
979 2731 1116 2794 dominus
1141 2732 1278 2796 dominus

82 2840 285 2908 Sebastianum
299 2841 456 2913 Drucoeet,
479 2844 566 2904 natus
583 2839 621 2903 de
637 2837 871 2922 Wasserburga,
897 2839 947 2922 qui
964 2838 1155 2903 substituitur
1170 2841 1277 2905 eodem

82 2968 171 3025 anno,
200 2950 253 3034 qui
280 2950 358 3013 rexit
378 2948 464 3012 aunis
487 2947 611 3018 decem,
636 2948 761 3012 moritur
785 2951 883 3011 autem
905 2967 980 3011 anno
1003 2948 1113 3012 domini
1136 2937 1223 3012 1616
1246 2950 1277 3013 16

81 3059 178 3143 uigilia
194 3058 399 3122 Bartholomei
415 3055 555 3145 apostoli.
589 3055 644 3120 llic
659 3055 761 3120 multis
776 3058 807 3118 iu
823 3076 876 3120 sua
899 3057 960 3120 rita
984 3056 1189 3122 circumdatus
1212 3063 1279 3121 6161

81 3167 311 3239 infirmitatibus,
328 3186 387 3250 quc
403 3185 494 3231 causa
510 3165 566 3230 1611
581 3166 737 3249 potissima
756 3211 898 3229 .....
920 3165 1078 3230 1661161616
1096 3165 1276 3240 debitorum,

80 3298 143 3341 nam
159 3283 190 3342 et
206 3276 341 3342 officium
357 3276 387 3339 in
403 3277 584 3340 Traunfeldt
600 3297 655 3340 suo
671 3281 809 3360 tempore
824 3275 1048 3360 inpignoratum
1061 3279 1117 3350 est,
1141 3281 1230 3360 prout
1244 3277 1276 3340 in

80 3386 171 3452 literis
188 3387 323 3471 desuper
340 3387 487 3450 conlectis
502 3385 622 3470 plenius
639 3386 817 3450 continetur.

166 3495 288 3560 lllortuo
312 3499 381 3558 ante
403 3495 486 3559 dioto
505 3493 614 3558 abbate
630 3495 828 3567 Sebastiano,
852 3495 883 3556 in
900 3495 964 3557 eius
980 3494 1079 3558 locum
1095 3494 1276 3577 subrogatus

81 3605 243 3670 etelectus
269 3610 317 3667 661
332 3603 529 3670 Reverendus
550 3608 638 3688 pater
659 3603 801 3669 Mattius
822 3604 862 3668 dc
878 3603 1009 3675 Znoim,
1038 3603 1125 3666 huius
1148 3605 1276 3669 nominis

81 3716 246 3781 secundus.
272 3713 327 3778 Vir
352 3715 383 3778 in
405 3714 516 3779 divinis
539 3717 570 3777 et
593 3713 730 3777 humanis
750 3712 843 3777 rebus
865 3733 901 3776 ex
917 3732 1014 3798 aequo
1030 3711 1162 3796 pollens,
1191 3715 1275 3779 cuius

81 3826 225 3908 singulari
246 3823 394 3888 industria
418 3843 521 3887 omnes
545 3823 659 3886 austria
679 3822 807 3906 prelati,
831 3822 980 3894 Barones,
1006 3841 1042 3884 ac
1065 3821 1184 3886 nobiles
1200 3843 1276 3907 sepe

80 3935 123 3997 usi
139 3939 219 3999 sunt.
243 3932 351 3997 lncidit
366 3933 396 3995 iu
414 3952 450 3996 ea
466 3937 613 4016 tempora,
631 3930 740 4016 quibus
756 3929 833 3994 iusta
850 3950 920 4014 pars
937 3929 1051 3993 austrie
1068 3929 1156 4002 cede,
1181 3931 1275 4009 terro,

79 4042 164 4126 igne,
188 4062 248 4127 per
273 4039 517 4105 immanissimum
541 4039 677 4104 cristiani
701 4039 828 4102 nominis
852 4039 970 4103 hostem
996 4040 1145 4103 Thurcam
1171 4040 1275 4124 periit,

81 4151 126 4215 cui
143 4149 690 4216 1161661661οηί161111616166116666
709 4147 824 4212 restitit
842 4153 873 4212 et
887 4148 958 4212 inde
975 4147 1093 4213 laudem
1111 4153 1141 4212 et
1156 4149 1274 4224 lamam,

80 4261 245 4347 etquidem
261 4280 320 4324 non
336 4260 490 4344 vulgarem
516 4257 594 4342 apud
611 4263 749 4342 posteros
774 4257 911 4322 obtinuit.
943 4257 982 4322 Et
1004 4258 1078 4322 licet
1098 4259 1128 4321 in
1144 4279 1179 4322 ea
1197 4261 1275 4323 inci-

82 4370 157 4434 derit
182 4373 332 4454 tempora,
360 4368 468 4454 quibus
498 4369 594 4432 omnia
622 4369 711 4450 igne,
734 4368 836 4438 ferro,
860 4366 937 4432 cede
960 4371 990 4432 et
1013 4368 1105 4433 variis
1126 4367 1274 4433 bellorum

81 4479 285 4545 exactionibus
310 4477 399 4562 plena
423 4483 524 4552 erant,
549 4473 641 4542 mulla
656 4482 773 4550 tamen,
797 4497 855 4561 que
872 4478 916 4542 sui
934 4482 1146 4542 antecessores
1163 4479 1276 4542 contla·

79 4593 154 4662 runt,
171 4586 313 4652 dissoluit
328 4586 441 4652 dehita.
465 4586 556 4651 Varia
573 4591 604 4650 61
620 4585 782 4658 ameniora,
799 4605 857 4670 que
874 4586 971 4650 adhuc
986 4587 1099 4671 passim
1117 4593 1273 4670 apparent,
