3122 5096
294 394 341 465 10

286 570 447 650 legationis
469 577 564 636 testes
581 593 643 656 *per
663 593 766 637 aurem
788 579 858 638 sunt
874 573 1013 638 adtracti.
1037 575 1174 662 diepolt.
1198 573 1331 642 dunin.
1357 577 1479 642 Sncllu.

288 679 477 768 Adnlprelct.
494 681 591 746 Raro.
609 683 726 746 Panno.

840 804 923 874 XXI.

291 930 294 934 ⁵
377 925 504 1005 Nouerit
519 943 648 1005 omniurn
664 941 694 1005 iu
712 941 833 1034 Christo
850 941 981 1005 fidelium
997 947 1057 1006 tarn
1073 965 1200 1028 presens
1218 939 1282 1008 etas
1300 965 1388 1028 quam
1407 967 1482 1011 suc·

287 1071 410 1114 cessura
428 1051 598 1134 posteritas.
621 1053 749 1135 qualiter
770 1051 1105 1118 Adalltcit'comitissu
1129 1053 1166 1117 ob
1191 1054 1358 1118 remedium
1383 1056 1483 1118 anime

287 1159 343 1221 uiri
366 1160 411 1222 sui
434 1159 581 1225 Heinrici
602 1160 686 1224 dedit
711 1161 785 1224 duos
802 1182 923 1224 mausus
941 1167 971 1224 et
987 1162 1139 1224 dimidium
1157 1163 1193 1224 ad
1211 1163 1305 1226 altare
1322 1164 1354 1227 S.
1373 1161 1481 1230 Maria.

250 1292 252 1296 ¹
286 1288 373 1331 unum
392 1269 428 1331 ad
448 1269 625 1358 Wlnainqin
642 1276 672 1332 et
689 1269 890 1358 Crusilinqin.
908 1271 1034 1334 alterum
1053 1273 1089 1334 ad
1106 1273 1252 1337 Piclulra.
1272 1273 1427 1336 dimidium
1446 1275 1483 1338 ad

288 1377 382 1441 Muri.
400 1375 462 1439 Sed
480 1386 510 1439 et
523 1377 586 1462 [ilii
596 1379 664 1443 eins
678 1379 883 1445 Genetardnc
899 1387 929 1442 et
944 1381 1108 1446 Dictricus
1124 1386 1192 1463 pust
1206 1402 1365 1444 excessum
1377 1383 1483 1444 matris

289 1485 438 1548 dederunt
459 1486 575 1548 uineam
599 1505 684 1549 unam
708 1489 744 1551 ad,
765 1489 962 1576 Mircln‘nqin
983 1509 1051 1552 curn
1075 1490 1138 1552 suis
1162 1489 1362 1572 appendiciis.
1389 1489 1483 1554 Huius

286 1593 456 1656 traditionis
473 1594 546 1656 facti
562 1600 631 1658 suut
648 1601 751 1660 testes.
776 1599 953 1684 Linpolduc
973 1597 1128 1662 murello.
1158 1597 1317 1662 Gndrubo.
1342 1599 1482 1664 Ascwn'n.

288 1702 325 1765 ut
337 1703 516 1784 mancipium
526 1723 626 1782 uuum.
642 1702 678 1768 N.
692 1703 863 1786 irmingart.
881 1705 986 1769 eadem
1003 1710 1136 1769 matrona
1153 1705 1275 1769 tradidit
1292 1727 1385 1789 super
1398 1707 1483 1770 idem

289 1809 382 1872 altars
398 1829 453 1892 pru
470 1810 593 1875 tributo.
613 1813 645 1875 V.
664 1813 863 1876 denariorum.

684 1983 685 1987 ‘
810 2015 934 2115 ¹auur.
967 2056 972 2064 *s
1099 1993 1102 2001 '

377 2151 485 2216 Natum
508 2155 547 2216 sit
569 2155 685 2216 cunctis
707 2161 810 2219 sancte
833 2155 964 2219 ecclesie
986 2153 1056 2218 liliis
1081 2156 1159 2240 quud
1183 2155 1318 2239 quedam,
1336 2122 1482 2222 matrona.

286 2260 322 2323 N.
339 2262 461 2326 Bertlra
486 2262 637 2342 delegauit
659 2283 751 2346 super
775 2264 868 2337 altare
891 2263 923 2326 S.
942 2263 1037 2326 llarie
1060 2265 1098 2327 ob
1122 2264 1288 2328 remedium
1304 2267 1406 2328 anime
1425 2266 1482 2328 uiri

256 2417 258 2421 .
287 2371 333 2433 sui
348 2371 636 2454 Atticini-predium
653 2387 750 2434 suum.
795 2397 796 2400 ¹
1316 2387 1318 2391 '

828 2521 941 2592 XXlll.

378 2658 526 2724 Noueriut
541 2661 674 2724 uniuersi
691 2667 797 2724 sancte
813 2660 946 2724 ecclesie
963 2661 1025 2726 tilii.
1044 2661 1173 2746 qualiter
1189 2663 1319 2744 quidam.
1337 2661 1375 2726 N.
1396 2663 1480 2728 cna-

288 2769 362 2832 nilie
377 2771 480 2834 seculo
496 2771 587 2856 apud
600 2793 657 2836 nos
672 2773 864 2836 renuncians
886 2770 1010 2834 tradidit
1026 2791 1118 2854 super
1136 2771 1230 2836 altare
1248 2773 1279 2836 S.
1298 2772 1392 2836 lllarie
1410 2793 1482 2856 pre-

282 2878 369 2941 ·diurn
385 2899 479 2942 suurn.
502 2880 582 2962 quod
607 2879 724 2944 adiacet
744 2881 878 2946 chambe
902 2879 1032 2944 testibus
1050 2882 1115 2944 istis
1130 2881 1281 2946 adhibitis.
1309 2883 1480 2950 catenara.

290 2987 449 3050 Gudrnbc.
466 2987 777 3075 Dictrn'clt.Siqisrit.
794 2990 909 3052 Penne.
926 2988 1054 3064 Annuit.
1074 2993 1104 3050 et
1119 3009 1253 3070 puerum.
1271 2987 1307 3052 N.
1326 2989 1480 3052 Heinrich.

380 3095 472 3158 Cuius
495 3103 617 3158 matrem
639 3101 709 3179 pust
725 3096 783 3159 alio
800 3103 935 3179 tempore
950 3116 1020 3162 ,cum
1037 3096 1095 3160 alio
1112 3098 1236 3178 paruulo
1251 3096 1373 3160 tradidit
1389 3117 1481 3179 super

166 3259 168 3264 .
288 3203 369 3266 idem
387 3189 481 3266 altare
507 3225 560 3286 prs
583 3224 686 3268 ceusu.
709 3201 741 3268 V.
759 3205 959 3272 denariorum.
978 3210 1008 3267 et
1030 3207 1124 3268 testes
1148 3206 1197 3268 isti
1220 3226 1275 3287 per
1292 3226 1395 3268 aurern
1412 3209 1482 3268 suut

288 3310 426 3374 adtracti.
454 3314 588 3398 Reputo.
617 3315 785 3400 Reqinqcr.
814 3315 950 3400 Linpolt.
977 3314 1172 3400 Wictpcrtln.
1201 3316 1333 3380 Bertnlt.
1362 3316 1480 3381 Penne.

291 3421 409 3485 Gunzo.
427 3421 560 3485 Bertolt.

837 3559 955 3665 xxiv.

378 3701 487 3765 Notum
518 3703 558 3764 sit
590 3701 737 3764 uniuersis
774 3705 878 3763 sancte
913 3699 1045 3762 ecclesie
1081 3697 1159 3761 tiliis.
1197 3699 1325 3782 qualiter
1354 3700 1484 3783 quedam

290 3816 423 3873 matrona
450 3809 488 3878 N.
516 3811 566 3876 lta
593 3809 717 3874 tradidit
743 3829 834 3892 super
857 3807 951 3872 altare
981 3807 1013 3870 S.
1039 3807 1132 3870 llarie
1155 3808 1382 3904 uinearnuuam
1405 3809 1484 3892 apud
1551 3835 1553 3850 ·

290 3919 473 4004 Annindorf
482 3919 519 3983 nb
535 3919 699 3982 remedium
717 3919 813 3982 anime
826 3919 890 4003 filii
904 3918 956 3982 sni
972 3917 1081 3981 leonis.

841 4121 936 4192 XXV.

381 4261 489 4348 Notum
514 4262 553 4324 sit
578 4261 713 4326 omnibus
735 4259 847 4324 Christi
872 4257 1012 4324 fidelibus
1035 4259 1163 4342 qualiter
1185 4257 1312 4344 quedam
1339 4266 1484 4325 matrona.

288 4369 325 4433 N.
346 4371 471 4436 Wczula
494 4368 618 4432 tradidit
642 4390 734 4452 super
751 4369 844 4432 altare
863 4367 895 4431 S.
914 4368 1015 4430 illarie
1027 4387 1160 4430 mausum
1182 4385 1270 4431 uuum
1289 4367 1368 4450 apud
1387 4345 1486 4435 ddal-

288 4478 545 4545 nicln‘scltirclrin.
587 4483 617 4542 et
648 4478 794 4562 mancipia
825 4475 966 4542 XXVllll.
1000 4495 1124 4558 quorum
1156 4476 1213 4539 hec
1251 4481 1320 4539 sunt
1353 4479 1483 4542 numina.

289 4587 462 4671 Adalpreht.
488 4586 651 4652 llartwich.
675 4583 838 4651 Gebehart.
864 4585 1067 4670 ltlegiupreht.
1091 4583 1281 4668 Engilpreht.
1304 4583 1484 4670 Richpreht.

1551 3851 1553 3934 l

1551 3937 1553 3974 l
