3076 5094
288 379 364 449 260

361 555 544 608 Gewtbnliclre
562 555 688 608 Bleibulle
707 573 740 608 an
758 559 940 612 Seidenfddcn.

361 646 388 707 l,
408 645 441 717 2)
465 645 521 699 Von
540 646 573 700 da
592 647 627 700 ist
645 647 692 700 der
707 647 792 700 luhalt
811 647 858 700 der
876 644 1108 716 vcrhergebcuden
1128 641 1203 694 Bulle
1222 636 1343 690 wortliclr
1360 633 1459 688 wieder-

289 737 354 797 holt,
373 737 426 790 und
445 754 493 790 nur
512 737 554 790 die
568 738 728 808 Anordnung
746 739 771 790 in
784 737 885 790 Betrcll
900 737 948 790 der
966 738 991 790 h.
1006 721 1052 788 dle
1071 733 1124 786 und
1136 732 1247 784 Wcihcn
1268 726 1459 796 eingesclraltet.

361 827 394 894 3)
412 828 520 881 Paschal
539 828 571 882 11.
588 827 622 880 im
641 829 719 882 Jahre
740 828 817 887 loco,
839 828 883 880 13.
904 827 1006 897 August
1032 825 1152 893 gewahlt,
1171 839 1212 874 am
1230 817 1375 890 folgenden
1395 815 1460 882 Tage

290 915 418 986 geweibt3
444 918 500 972 scin
526 917 565 973 Vl.
584 917 793 987 Pontificutsjahr
818 935 871 972 war
895 917 1021 972 demnach
1045 915 1126 968 sehon
1150 930 1190 966 am
1210 911 1254 966 13.
1273 909 1380 976 August
1402 903 1461 964 blot

290 1009 413 1064 brendet.

845 1179 910 1250 Vll.

292 1297 364 1370 11⁰8,
374 1296 399 1356 θ.
406 1299 573 1370 September.
581 1298 804 1368 Tulin.-Kdnig
812 1299 931 1353 Heinrich
939 1298 969 1352 V.
978 1299 1089 1352 schenkt
1096 1294 1467 1363 auserwendungUdalriclrs

295 1388 414 1442 Bischols
428 1407 476 1442 von
487 1391 606 1451 Pnssau,
618 1391 686 1443 daun
700 1391 787 1443 seincr
800 1391 950 1444 Schwosler
962 1391 1064 1458 Agnes,
1077 1390 1147 1442 ihres
1160 1388 1285 1442 Gemelrls
1301 1386 1421 1457 Leopold
1433 1385 1469 1438 lll.

293 1479 349 1550 (lV.
370 1481 417 1533 des
431 1481 581 1552 lleiligen),
601 1483 766 1550 blorkgralen
786 1501 834 1535 von
861 1471 1012 1536 iisterreich
1034 1481 1087 1533 und
1114 1481 1159 1533 des
1178 1481 1296 1547 Herzogs
1317 1479 1392 1530 Wolf
1413 1477 1470 1544 (ron

290 1571 400 1641 Baiern)
420 1590 477 1624 zum
496 1573 585 1626 Altare
606 1571 653 1626 der
671 1574 696 1625 h.
717 1573 798 1626 Maria
817 1573 843 1626 in
863 1573 995 1642 Gottweig
1021 1573 1063 1626 die
1083 1573 1151 1625 lnsel
1173 1571 1469 1626 llutheimerwert,

293 1661 346 1715 und
365 1663 508 1732 bestitiget
527 1664 646 1731 zugleich
665 1665 715 1718 alle
734 1665 823 1718 lrdber
841 1665 919 1717 (labin
939 1665 1094 1734 gemachten
1108 1664 1301 1730 Sebenkungen
1317 1661 1366 1714 des
1379 1661 1471 1728 seligen

533 1753 653 1806 Bischofs
672 1754 792 1808 Altmunn
811 1757 865 1808 uod
884 1755 933 1809 der
951 1756 1060 1824 dbrigen
1080 1753 1235 1822 Gldubigen.

819 1865 952 1926 [Original]

387 1964 418 2028 0.
453 1964 491 2028 Io
517 1965 649 2030 Nomine
675 1965 793 2030 Sancte
825 1975 856 2031 et
889 1967 1055 2032 Indiuidce
1090 1964 1264 2029 Trinitatis.
1295 1964 1473 2033 Heinricue

295 2075 413 2138 Divino
434 2073 573 2138 Fervente
600 2075 787 2151 Glernmrtiu,
809 2076 951 2153 Quintus,
974 2078 1182 2140 Romanorum
1204 2075 1286 2136 Rem.
1309 2074 1422 2136 Notum
1441 2074 1473 2136 sit

181 2269 187 2280 .
296 2182 429 2246 omnibus
454 2180 565 2244 Christi
586 2183 756 2267 nostrisque
779 2183 928 2256 fidelibus,
952 2189 1011 2246 tam
1033 2184 1140 2247 futuris
1164 2201 1251 2266 quam
1273 2183 1472 2265 presentibus,

295 2292 422 2377 qualiter
439 2311 496 2373 ego
511 2291 681 2356 Heinricus
695 2313 749 2354 rex
762 2313 950 2356 romanorum
972 2292 1010 2356 ob
1025 2291 1189 2355 remedium
1205 2291 1302 2355 anime
1325 2297 1430 2355 nostre
1444 2309 1473 2353 ac

296 2405 450 2484 parentum
467 2402 649 2476 nostrorum,
674 2407 705 2463 et
721 2400 758 2464 ob
774 2403 955 2486 peticionem
970 2402 1134 2485 principum
1156 2405 1344 2474 nostrorum,
1373 2400 1472 2463 videli-

299 2515 348 2572 cet
366 2486 511 2573 (idclriei
525 2509 707 2592 patauiensis
725 2512 870 2594 episcopi,
887 2531 922 2574 ac
939 2511 1051 2574 sororis
1067 2515 1171 2573 nostre
1186 2510 1319 2596 Aquom
1335 2515 1367 2573 et
1387 2508 1474 2572 mariti

299 2619 364 2681 eius
387 2619 552 2704 Lcitpoldi
572 2618 765 2684 marchionis
787 2625 818 2682 et
834 2621 922 2684 ducis
951 2620 1098 2704 illelfoois
1119 2619 1296 2683 tradidimus
1324 2619 1364 2682 ad
1388 2619 1474 2681 altare

299 2737 401 2790 sancte
417 2727 513 2790 blarie
535 2728 565 2790 in
587 2728 779 2816 cbotiuuipc,
804 2728 929 2792 insulam
951 2749 1009 2813 que
1031 2729 1119 2811 uulgo
1143 2729 1251 2792 dicitur
1273 2729 1474 2794 Mutlreimer·

297 2836 450 2921 uucrtlr1)
468 2841 594 2916 rogante
613 2837 670 2900 hoe
687 2839 775 2900 etiam
791 2837 960 2902 Ariolica-to
971 2837 1000 2923 Β)
1024 2839 1109 2901 cuius
1126 2837 1184 2900 hec
1200 2843 1265 2898 erat
1287 2836 1473 2907 beneficium,

298 2967 364 3009 cum
381 2945 459 3006 omni
475 2944 613 3018 utilitate,
631 2946 730 3019 cultis,
753 2947 882 3021 incultis,
900 2946 995 3018 siluis,
1016 2947 1082 3018 riis,
1099 2947 1199 3027 inuiis,
1214 2945 1324 3028 pratis,
1347 2945 1474 3028 pascuis,

300 3053 494 3125 molendinis,
516 3053 743 3136 piscationibus,
768 3056 862 3140 aquis,
886 3075 1085 3139 aquarumque
1107 3055 1295 3118 decursibus.
1320 3054 1382 3118 Per
1396 3055 1475 3116 istam

297 3165 399 3247 itaque
414 3163 603 3226 traditionem
616 3163 766 3228 firmamus
784 3170 815 3228 et
828 3163 994 3228 stabilimus
1007 3164 1148 3250 quiequid
1164 3165 1327 3248 episcopus
1338 3165 1475 3228 Auaron-

298 3295 358 3338 mrc
382 3271 516 3335 eiusdem
532 3272 591 3336 loci
612 3273 724 3357 primus
745 3275 883 3338 fundator
898 3273 935 3336 ad
950 3273 1115 3356 predictam
1132 3273 1292 3337 eeclesiam
1311 3274 1406 3345 dedit,
1428 3291 1476 3334 seu

299 3383 468 3466 quicunque
485 3381 559 3444 alius
580 3380 677 3444 fidelis
699 3381 902 3467 cuiuscunque
919 3382 1097 3446 conditionis
1118 3382 1183 3446 siue
1199 3381 1327 3454 ordinis,
1350 3403 1389 3446 ex
1411 3401 1477 3466 qua·

300 3509 416 3574 cunque
436 3496 522 3574 parte
540 3489 670 3554 danubii.
694 3489 756 3554 Hec
772 3499 867 3556 autem
885 3499 955 3555 sunt
976 3493 1053 3555 bona
1069 3492 1205 3574 predicte
1221 3491 1358 3554 ecclesie
1376 3491 1476 3554 collata

300 3599 336 3664 ah
352 3601 517 3665 Alimonno
533 3600 689 3682 episcopo,
710 3601 866 3683 parrochia
881 3597 1033 3666 Mriteree
1054 3619 1120 3662 cum
1141 3599 1277 3662 omnibus
1292 3598 1477 3683 appendiciis

299 3709 378 3781 suis,
403 3714 526 3791 excepta
547 3714 633 3792 parte
655 3708 876 3781 decimationis,
903 3729 961 3792 que
983 3711 1113 3792 pertinet
1133 3707 1169 3770 ad
1198 3731 1222 3771 s.
1245 3707 1424 3792 Nycolavm.
1450 3707 1477 3768 ln

300 3817 407 3882 eodem
423 3818 490 3881 loco
512 3818 668 3882 Acilianos
689 3822 720 3880 et
735 3817 823 3881 alium
838 3818 1004 3883 Acilinmn.
1023 3819 1215 3883 Gmurrdmn
1236 3837 1303 3882 cum
1326 3816 1478 3881 beneficiis

300 3929 375 3990 suis.
398 3925 512 3989 lbidem
535 3925 715 3990 heneficium
738 3927 872 3991 lllrlririci
896 3947 962 3991 cum
982 3928 1139 4012 mancipiis
1163 3933 1193 3990 et
1212 3927 1351 3990 omnibus
1369 3945 1478 4012 appen-

301 4036 388 4100 diciis
414 4037 493 4108 suis,
518 4040 644 4118 excepto
671 4035 792 4100 dimidio
821 4057 932 4100 manso.
961 4039 1099 4107 mnne,
1127 4035 1165 4099 de
1181 4036 1330 4100 beneficio
1348 4035 1479 4100 eiusdem

300 4143 457 4214 Eklirici,
486 4163 551 4206 cum
574 4145 729 4228 mancipiis
758 4152 789 4209 et
810 4145 946 4208 omnibus
969 4145 1155 4229 appendiciis
1181 4145 1254 4208 suis.
1278 4145 1480 4211 Huntislrciar

301 4248 502 4318 Biduoinom
521 4273 587 4316 cum
602 4251 757 4318 beneflciis
773 4255 847 4318 suis.
867 4255 1141 4342 Obellerpncnoan
1153 4254 1268 4316 vineam
1283 4251 1307 4315 l,
1325 4274 1394 4316 cum
1410 4253 1481 4316 vini-

301 4369 368 4424 tore
380 4367 411 4424 et
421 4361 558 4425 omnibus
573 4363 759 4445 appendiciis
772 4366 844 4428 suis.
856 4360 1097 4450 Bitheriatmpb
1108 4363 1211 4426 vineas
1224 4362 1271 4426 ΙΙΙ.
1285 4368 1318 4426 et
1333 4362 1479 4426 dimidiam

302 4490 369 4535 cum
385 4470 562 4534 vinitoribus
586 4476 617 4534 et
632 4469 768 4536 omuibus
789 4472 974 4556 appendiciis
990 4473 1062 4536 suis.
1078 4473 1173 4536 Paltc
1188 4477 1317 4554 excepto
1342 4490 1446 4533 manso
1460 4467 1479 4529 l.

301 4571 516 4664 Harpinbucb,
533 4585 658 4663 excepto
675 4601 778 4644 manso
794 4581 816 4652 l,
834 4602 900 4644 cum
916 4581 1071 4664 mancipiis
1088 4587 1118 4643 et
1135 4580 1271 4644 omnibus
1294 4575 1480 4661 appendiciis
