3122 5096
261 333 312 408 54

258 510 309 576 ille
326 510 533 576 serueuersia
546 513 576 574 in
587 531 675 575 mauu
685 510 1082 598 Repiumeriputauieusis
1092 509 1246 598 episcopi.
1264 514 1295 573 et
1307 509 1460 574 aduocati

259 620 362 686 uestri
376 619 567 684 Herimauui
582 639 615 684 se
632 618 806 702 abnegaret.
826 624 858 684 ut
875 639 931 682 nee
948 619 1016 702 ipse
1032 639 1088 682 nee
1104 617 1250 682 heredum
1268 617 1335 680 eius
1348 617 1457 700 aliquis

259 748 313 813 pre
330 727 477 810 predictis
493 726 649 790 benefieiis
667 726 749 790 litem
763 728 908 810 deinceps
921 727 1036 790 inferre
1049 726 1183 790 auderet.
1202 725 1289 806 Quod
1302 729 1333 788 et
1346 725 1457 790 fastum

259 841 317 902 est.
330 836 430 899 multis
443 836 494 920 qui
505 835 617 920 placite
629 836 828 900 interfuerant
836 835 1038 920 presentibus.
1052 835 1239 919 principibus
1252 839 1283 898 et
1294 833 1457 898 nehilihus.

259 943 417 1030 hiupolde
433 943 550 1006 seilicet
565 943 750 1007 marchione
771 949 802 1006 et
814 944 881 1028 filio
898 943 967 1008 eius
982 943 1164 1009 Adulterte.
1191 943 1354 1008 Otuehure
1370 963 1457 1006 mur·

260 1052 382 1118 chione.
405 1055 436 1114 et
447 1052 515 1135 filio
531 1051 599 1116 eius
614 1051 781 1138 Liupulde.
798 1052 960 1118 histriae
976 1073 1077 1118 emses
1093 1051 1134 1116 de
1153 1051 1332 1118 thmuhueh.
1359 1051 1459 1116 Gehe·

259 1161 380 1226 hardus
397 1181 499 1226 semes
514 1159 555 1224 de
570 1159 695 1246 Piupin.
725 1163 755 1223 et
767 1163 875 1242 freter
889 1160 958 1225 eius
973 1161 1094 1226 Eruist.
1118 1156 1277 1244 liudolfus
1293 1162 1333 1226 de
1349 1161 1459 1246 herpa.

258 1269 430 1334 Adstrieue
445 1269 486 1332 de
505 1268 748 1356 Wlliheriupin.
777 1269 935 1334 Adalhere
952 1269 993 1334 de
1006 1268 1188 1355 prieuhaeh.
1216 1267 1406 1356 Mepinhurt
1420 1268 1461 1332 de

258 1379 449 1466 sarhliupiu.
478 1377 657 1444 Werinhart
674 1379 760 1463 filius
780 1379 972 1465 Repiuherti.
996 1379 1157 1466 Repinper
1178 1386 1209 1442 et
1227 1380 1314 1464 fitius
1335 1379 1406 1444 eius
1422 1378 1460 1440 R.

259 1489 358 1553 ister.
378 1485 572 1572 Wolsstripil.
588 1485 773 1552 Amatdreht
787 1487 826 1550 de
842 1487 1061 1552 hreitinwisiu.
1081 1486 1214 1570 Getifrit
1230 1491 1261 1550 et
1269 1489 1380 1570 frater
1392 1487 1460 1550 eius

260 1599 346 1663 Pado
361 1598 401 1661 de
416 1595 639 1660 Riedmureha.
664 1596 736 1660 ouo
753 1600 783 1658 et
794 1597 903 1678 frater
917 1596 987 1660 eius
1002 1596 1042 1660 de
1057 1595 1245 1662 Purehstull
1259 1600 1290 1658 et
1307 1595 1358 1658 alii
1375 1594 1459 1658 multi

261 1725 336 1790 ques
353 1704 529 1789 perlongum
546 1708 595 1767 est
610 1723 714 1768 omues
730 1703 781 1768 hie
798 1703 952 1768 adestare.

790 1887 928 1960 CCXIX.

353 2009 417 2075 Hes
434 2028 553 2094 quoque
570 2010 685 2072 eunetis
703 2007 863 2073 notandum
880 2011 958 2093 quod
984 2011 1165 2077 Guutherus
1177 2009 1341 2098 presbiter
1363 2010 1460 2094 quiet

262 2139 352 2203 supra
375 2118 512 2203 predium
529 2117 665 2180 dederat.
690 2118 814 2182 tradidit
830 2119 867 2182 ad
884 2119 978 2183 altare
995 2120 1027 2183 S.
1045 2119 1141 2182 Maris
1163 2118 1291 2204 quedam
1309 2119 1459 2204 mancipia

261 2247 385 2312 querum
410 2231 480 2291 suut
505 2227 633 2288 nemina.
664 2226 763 2290 Weril
786 2247 852 2292 eum
875 2248 968 2292 uxore
989 2249 1043 2292 sua
1068 2227 1175 2292 Gisila.
1199 2233 1230 2290 et
1252 2227 1307 2292 filii
1323 2228 1459 2311 ipserum

260 2338 364 2400 Eruist
387 2340 418 2398 et
439 2333 588 2399 Heriman.
613 2354 679 2399 eum
702 2337 780 2398 amni
798 2356 900 2400 eorum
916 2338 1136 2420 petesteritete.
1153 2341 1223 2420 pest
1239 2335 1356 2399 ehitum
1374 2355 1459 2399 suurn

260 2462 326 2529 pre.
344 2442 381 2508 V.
399 2443 589 2508 denariorum
606 2464 700 2508 annua
717 2444 875 2509 solutione.
895 2450 924 2509 et
940 2447 971 2509 hi
989 2445 1097 2509 adsciti
1113 2450 1182 2509 sunt
1198 2445 1228 2508 in
1241 2445 1459 2510 testimenium.

260 2552 440 2619 Adalhulm.
456 2548 583 2636 utdolf.
600 2549 776 2639 thpreu.

798 2684 919 2755 CCXX.

352 2803 462 2868 Netum
478 2805 516 2868 sit
532 2804 668 2869 omnihus
685 2803 798 2869 Christi
814 2804 962 2870 fidelihus.
982 2805 1112 2890 qualiter
1125 2806 1303 2893 diupuldus
1315 2809 1460 2874 marchio

259 2915 374 2998 legauit
395 2931 531 2976 mansum
556 2932 643 2976 uuum
669 2913 706 2976 ad
731 2913 976 3000 Bupiuiuisderf
994 2934 1060 2978 sum
1087 2914 1236 2998 mancipia
1259 2915 1405 2998 Engildie
1427 2918 1459 2980 iu

260 3041 379 3088 menum
396 3017 652 3108 eudolfiuouds
667 3022 788 3087 uiride
804 3024 911 3110 harpa.
935 3041 970 3085 ea
986 3021 1169 3086 conditione.
1194 3027 1227 3086 ut
1249 3043 1306 3106 pre
1323 3027 1459 3091 remedie

261 3135 358 3197 anime
378 3131 487 3219 putris
502 3131 555 3196 sui
572 3131 727 3196 Otuehuri
741 3132 936 3198 marchionis
957 3133 994 3195 ad
1011 3133 1106 3195 altare
1123 3132 1156 3194 S.
1174 3132 1270 3196 Maria
1287 3132 1457 3216 delegaret.

261 3241 348 3324 Quod
365 3245 396 3303 et
410 3239 490 3303 idem
505 3235 660 3323 Ridelfus
676 3239 860 3324 adimpleuit.
886 3241 934 3303 his
951 3238 1078 3304 testibus
1096 3241 1249 3305 adhibitis.
1279 3244 1459 3310 Waltherus

260 3352 301 3416 de
316 3349 455 3415 treisma.
491 3347 654 3413 Adulrum.
690 3349 877 3436 Ilepiuhurt.
915 3351 1034 3434 Geholf.
1070 3351 1239 3415 Eberhart.
1277 3351 1459 3417 lnuestiture

265 3459 452 3524 lieltherus.

792 3571 928 3643 CCXXI.
946 3591 948 3594 ·

350 3693 412 3758 Sed
432 3698 462 3757 et
480 3693 537 3758 hee
563 3693 721 3758 notandum
737 3691 874 3758 omnihus
897 3694 927 3756 in
946 3693 1066 3758 Christe
1089 3698 1214 3759 renatis.
1238 3695 1457 3781 quodquidam

258 3801 373 3867 uohilis
391 3801 569 3885 Getifridus
592 3803 633 3866 de
654 3801 868 3868 Riedmurehu
883 3801 1007 3865 tradidit
1022 3801 1058 3864 ad
1077 3803 1171 3865 altare
1188 3801 1324 3866 suario
1337 3803 1456 3868 uineam

259 3929 346 3973 uuam
364 3908 402 3972 ad
421 3909 589 3996 Tiurpidin
611 3929 676 3972 eum
699 3909 887 3994 appendiciis
911 3915 942 3972 et
963 3909 1035 3972 ΙΙΙΙοἳ
1051 3910 1207 3992 mancipiis
1230 3909 1268 3972 eh
1285 3911 1455 3974 remedium

255 4015 372 4102 fratris
393 4017 445 4081 sui
466 4017 613 4082 Pedonis.
642 4039 679 4081 eo
699 4017 753 4081 die
773 4017 827 4082 hie
851 4018 978 4104 sepulti.
1012 4015 1103 4080 Huius
1119 4018 1163 4080 rei
1181 4023 1276 4082 testes
1294 4023 1398 4082 extant
1414 4020 1455 4084 hi.

258 4125 400 4191 Salmas.
417 4124 573 4214 Piliprim.
590 4124 764 4212 Mepinqeu.
781 4127 909 4212 Buffolt.
926 4124 1126 4214 Perinperus.
1144 4123 1271 4212 Ruffelt.

781 4291 931 4364 CCXXII.

349 4413 497 4480 Neuerint
526 4385 661 4478 uniuersi
687 4412 800 4478 Christi
827 4413 943 4478 fideles.
976 4412 1105 4497 qualiter
1133 4413 1251 4498 quidam
1284 4416 1456 4482 Bertehtus

257 4525 381 4590 tradidit
397 4524 434 4588 ad
453 4525 545 4588 attare
563 4523 596 4590 S.
614 4523 709 4588 Maris
732 4523 913 4607 meneipium
935 4521 1093 4606 quoddam.
1117 4522 1153 4585 N.
1176 4522 1400 4591 Adalherouem
1416 4527 1455 4592 oh
