<?xml version="1.0" encoding="UTF-8"?>
<!DOCTYPE html PUBLIC "-//W3C//DTD XHTML 1.0 Transitional//EN"
    "http://www.w3.org/TR/xhtml1/DTD/xhtml1-transitional.dtd">
<html xmlns="http://www.w3.org/1999/xhtml" xml:lang="en" lang="en">
 <head>
  <title>
</title>
<meta http-equiv="Content-Type" content="text/html;charset=utf-8" />
  <meta name='ocr-system' content='tesseract 3.04.00' />
  <meta name='ocr-capabilities' content='ocr_page ocr_carea ocr_par ocr_line ocrx_word'/>
</head>
<body>
  <div class='ocr_page' id='page_1' title='image "./fontesrerumaust11kommgoog_0094.png"; bbox 0 0 3122 5096; ppageno 0'>
   <div class='ocr_carea' id='block_1_1' title="bbox 1215 363 1318 442">
    <p class='ocr_par' dir='ltr' id='par_1_1' title="bbox 1215 363 1318 442">
     <span class='ocr_line' id='line_1_1' title="bbox 1215 363 1318 442; baseline 0.01 -1"><span class='ocrx_word' id='word_1_1' title='bbox 1215 363 1318 442; x_wconf 79' lang='lat'>73&#39;</span> 
     </span>
    </p>
   </div>
   <div class='ocr_carea' id='block_1_2' title="bbox 24 531 1267 834">
    <p class='ocr_par' dir='ltr' id='par_1_2' title="bbox 24 531 1267 834">
     <span class='ocr_line' id='line_1_2' title="bbox 24 531 1267 637; baseline -0.002 -23"><span class='ocrx_word' id='word_1_2' title='bbox 24 531 27 538; x_wconf 38' lang='lat'>⁵</span> <span class='ocrx_word' id='word_1_3' title='bbox 65 552 173 634; x_wconf 77' lang='lat' dir='ltr'>frater</span> <span class='ocrx_word' id='word_1_4' title='bbox 188 549 294 636; x_wconf 82' lang='lat' dir='ltr'>ipsios</span> <span class='ocrx_word' id='word_1_5' title='bbox 308 551 457 616; x_wconf 81' lang='lat' dir='ltr'>Petrisse.</span> <span class='ocrx_word' id='word_1_6' title='bbox 482 550 616 637; x_wconf 82' lang='lat' dir='ltr'>Pilprim</span> <span class='ocrx_word' id='word_1_7' title='bbox 637 551 678 614; x_wconf 87' lang='lat' dir='ltr'>dc</span> <span class='ocrx_word' id='word_1_8' title='bbox 694 549 862 633; x_wconf 82' lang='lat' dir='ltr'>Gricttorf.</span> <span class='ocrx_word' id='word_1_9' title='bbox 889 549 1007 613; x_wconf 84' lang='lat' dir='ltr'>Hettilo</span> <span class='ocrx_word' id='word_1_10' title='bbox 1026 547 1071 612; x_wconf 83' lang='lat' dir='ltr'>¹dc</span> <span class='ocrx_word' id='word_1_11' title='bbox 1090 547 1267 636; x_wconf 81' lang='lat' dir='ltr'>Adeldcrrc-</span> 
     </span>
     <span class='ocr_line' id='line_1_3' title="bbox 70 657 1265 746; baseline -0.003 -22"><span class='ocrx_word' id='word_1_12' title='bbox 70 661 151 744; x_wconf 81' lang='lat' dir='ltr'>dors.</span> <span class='ocrx_word' id='word_1_13' title='bbox 165 661 259 746; x_wconf 81' lang='lat' dir='ltr'>Hopo</span> <span class='ocrx_word' id='word_1_14' title='bbox 271 659 406 746; x_wconf 76' lang='lat' dir='ltr'>Pilprim</span> <span class='ocrx_word' id='word_1_15' title='bbox 418 659 488 721; x_wconf 89' lang='lat' dir='ltr'>item</span> <span class='ocrx_word' id='word_1_16' title='bbox 500 659 787 742; x_wconf 73' lang='lat' dir='ltr'>deddclbcrndorf.</span> <span class='ocrx_word' id='word_1_17' title='bbox 799 657 880 722; x_wconf 89' lang='lat' dir='ltr'>Otto.</span> <span class='ocrx_word' id='word_1_18' title='bbox 893 657 1084 723; x_wconf 83' lang='lat' dir='ltr'>Hortwicus.</span> <span class='ocrx_word' id='word_1_19' title='bbox 1098 657 1265 721; x_wconf 74' lang='lat' dir='ltr'>Euaimon.</span> 
     </span>
     <span class='ocr_line' id='line_1_4' title="bbox 71 767 524 834; baseline -0.011 0"><span class='ocrx_word' id='word_1_20' title='bbox 71 767 222 834; x_wconf 82' lang='lat' dir='ltr'>Durincb</span> <span class='ocrx_word' id='word_1_21' title='bbox 243 767 326 831; x_wconf 90' lang='lat' dir='ltr'>serui</span> <span class='ocrx_word' id='word_1_22' title='bbox 341 767 524 830; x_wconf 89' lang='lat' dir='ltr'>monasterii.</span> 
     </span>
    </p>
   </div>
   <div class='ocr_carea' id='block_1_3' title="bbox 552 925 787 998">
    <p class='ocr_par' dir='ltr' id='par_1_3' title="bbox 552 925 787 998">
     <span class='ocr_line' id='line_1_5' title="bbox 552 925 787 998; baseline -0.004 -2"><span class='ocrx_word' id='word_1_23' title='bbox 552 925 787 998; x_wconf 82' lang='lat' dir='ltr'>CCLXXXVH.</span> 
     </span>
    </p>
   </div>
   <div class='ocr_carea' id='block_1_4' title="bbox 162 1061 1388 1150">
    <p class='ocr_par' dir='ltr' id='par_1_4' title="bbox 162 1061 1388 1150">
     <span class='ocr_line' id='line_1_6' title="bbox 162 1061 1388 1150; baseline -0.005 -19"><span class='ocrx_word' id='word_1_24' title='bbox 162 1067 203 1131; x_wconf 91' lang='lat' dir='ltr'>Vt</span> <span class='ocrx_word' id='word_1_25' title='bbox 218 1067 250 1130; x_wconf 92' lang='lat' dir='ltr'>in</span> <span class='ocrx_word' id='word_1_26' title='bbox 266 1063 344 1129; x_wconf 93' lang='lat' dir='ltr'>libro</span> <span class='ocrx_word' id='word_1_27' title='bbox 361 1063 531 1128; x_wconf 80' lang='lat' dir='ltr'><strong>scribantur</strong></span> <span class='ocrx_word' id='word_1_28' title='bbox 545 1065 618 1128; x_wconf 90' lang='lat' dir='ltr'>nite.</span> <span class='ocrx_word' id='word_1_29' title='bbox 642 1065 692 1150; x_wconf 87' lang='lat' dir='ltr'>pia</span> <span class='ocrx_word' id='word_1_30' title='bbox 708 1064 788 1128; x_wconf 86' lang='lat' dir='ltr'>facta</span> <span class='ocrx_word' id='word_1_31' title='bbox 804 1063 961 1128; x_wconf 88' lang='lat' dir='ltr'>iustorum.</span> <span class='ocrx_word' id='word_1_32' title='bbox 986 1061 1056 1127; x_wconf 91' lang='lat' dir='ltr'>stilo</span> <span class='ocrx_word' id='word_1_33' title='bbox 1073 1063 1266 1127; x_wconf 77' lang='lat' dir='ltr'>commenda·</span> <span class='ocrx_word' id='word_1_34' title='bbox 1387 1103 1388 1112; x_wconf 61' lang='lat'>.</span> 
     </span>
    </p>
   </div>
   <div class='ocr_carea' id='block_1_5' title="bbox 70 1171 1270 1911">
    <p class='ocr_par' dir='ltr' id='par_1_5' title="bbox 70 1171 1270 1911">
     <span class='ocr_line' id='line_1_7' title="bbox 72 1171 1267 1256; baseline -0.001 -19"><span class='ocrx_word' id='word_1_35' title='bbox 72 1195 135 1238; x_wconf 89' lang='lat' dir='ltr'>mus</span> <span class='ocrx_word' id='word_1_36' title='bbox 152 1175 310 1238; x_wconf 82' lang='lat' dir='ltr'><strong>memorie.</strong></span> <span class='ocrx_word' id='word_1_37' title='bbox 335 1173 482 1238; x_wconf 73' lang='lat' dir='ltr'>Albicos</span> <span class='ocrx_word' id='word_1_38' title='bbox 499 1193 572 1256; x_wconf 85' lang='lat' dir='ltr'>ergo</span> <span class='ocrx_word' id='word_1_39' title='bbox 594 1195 664 1239; x_wconf 85' lang='lat' dir='ltr'>com</span> <span class='ocrx_word' id='word_1_40' title='bbox 678 1195 784 1238; x_wconf 77' lang='lat' dir='ltr'>acore</span> <span class='ocrx_word' id='word_1_41' title='bbox 798 1196 858 1238; x_wconf 87' lang='lat' dir='ltr'>soa</span> <span class='ocrx_word' id='word_1_42' title='bbox 873 1173 1039 1238; x_wconf 79' lang='lat' dir='ltr'>Elisabeth</span> <span class='ocrx_word' id='word_1_43' title='bbox 1056 1174 1095 1238; x_wconf 90' lang='lat' dir='ltr'>dc</span> <span class='ocrx_word' id='word_1_44' title='bbox 1112 1171 1267 1238; x_wconf 85' lang='lat' dir='ltr'>cbcoibo-</span> 
     </span>
     <span class='ocr_line' id='line_1_8' title="bbox 72 1280 1270 1348; baseline -0.003 -1"><span class='ocrx_word' id='word_1_45' title='bbox 72 1283 213 1348; x_wconf 74' lang='lat' dir='ltr'>hostetin</span> <span class='ocrx_word' id='word_1_46' title='bbox 237 1283 356 1346; x_wconf 87' lang='lat' dir='ltr'>uincam</span> <span class='ocrx_word' id='word_1_47' title='bbox 376 1283 411 1346; x_wconf 85' lang='lat' dir='ltr'>in</span> <span class='ocrx_word' id='word_1_48' title='bbox 427 1283 535 1346; x_wconf 81' lang='lat' dir='ltr'>eodem</span> <span class='ocrx_word' id='word_1_49' title='bbox 551 1285 619 1348; x_wconf 89' lang='lat' dir='ltr'>loco</span> <span class='ocrx_word' id='word_1_50' title='bbox 642 1282 729 1345; x_wconf 87' lang='lat' dir='ltr'>sitam</span> <span class='ocrx_word' id='word_1_51' title='bbox 744 1281 932 1346; x_wconf 88' lang='lat' dir='ltr'>tradiderunt</span> <span class='ocrx_word' id='word_1_52' title='bbox 947 1282 978 1345; x_wconf 93' lang='lat' dir='ltr'>in</span> <span class='ocrx_word' id='word_1_53' title='bbox 993 1301 1112 1345; x_wconf 90' lang='lat' dir='ltr'>manum</span> <span class='ocrx_word' id='word_1_54' title='bbox 1128 1280 1270 1346; x_wconf 78' lang='lat' dir='ltr'>Ascwici</span> 
     </span>
     <span class='ocr_line' id='line_1_9' title="bbox 71 1389 1269 1476; baseline -0.003 -20"><span class='ocrx_word' id='word_1_55' title='bbox 71 1393 111 1456; x_wconf 88' lang='lat' dir='ltr'>dc</span> <span class='ocrx_word' id='word_1_56' title='bbox 124 1393 290 1458; x_wconf 61' lang='lat' dir='ltr'>undamn</span> <span class='ocrx_word' id='word_1_57' title='bbox 313 1396 382 1474; x_wconf 91' lang='lat' dir='ltr'>post</span> <span class='ocrx_word' id='word_1_58' title='bbox 400 1395 526 1454; x_wconf 91' lang='lat' dir='ltr'>mortem</span> <span class='ocrx_word' id='word_1_59' title='bbox 543 1410 627 1454; x_wconf 90' lang='lat' dir='ltr'>suam</span> <span class='ocrx_word' id='word_1_60' title='bbox 642 1389 788 1454; x_wconf 91' lang='lat' dir='ltr'>tradenda</span> <span class='ocrx_word' id='word_1_61' title='bbox 806 1411 898 1476; x_wconf 90' lang='lat' dir='ltr'>super</span> <span class='ocrx_word' id='word_1_62' title='bbox 914 1391 1008 1454; x_wconf 85' lang='lat' dir='ltr'>altare</span> <span class='ocrx_word' id='word_1_63' title='bbox 1026 1389 1058 1452; x_wconf 90' lang='lat' dir='ltr'>S.</span> <span class='ocrx_word' id='word_1_64' title='bbox 1077 1389 1174 1452; x_wconf 81' lang='lat' dir='ltr'>Maris</span> <span class='ocrx_word' id='word_1_65' title='bbox 1193 1389 1269 1454; x_wconf 83' lang='lat' dir='ltr'>Got-</span> 
     </span>
     <span class='ocr_line' id='line_1_10' title="bbox 70 1497 1268 1580; baseline -0.003 -18"><span class='ocrx_word' id='word_1_66' title='bbox 70 1500 162 1564; x_wconf 84' lang='lat' dir='ltr'>wicb.</span> <span class='ocrx_word' id='word_1_67' title='bbox 182 1499 299 1580; x_wconf 79' lang='lat' dir='ltr'>Quibus</span> <span class='ocrx_word' id='word_1_68' title='bbox 316 1500 378 1562; x_wconf 89' lang='lat' dir='ltr'>nita</span> <span class='ocrx_word' id='word_1_69' title='bbox 395 1499 624 1563; x_wconf 80' lang='lat' dir='ltr'>decedentibus.</span> <span class='ocrx_word' id='word_1_70' title='bbox 642 1499 721 1562; x_wconf 90' lang='lat' dir='ltr'>idem</span> <span class='ocrx_word' id='word_1_71' title='bbox 737 1499 904 1564; x_wconf 79' lang='lat' dir='ltr'>Ascanione</span> <span class='ocrx_word' id='word_1_72' title='bbox 928 1499 1051 1562; x_wconf 91' lang='lat' dir='ltr'>eandem</span> <span class='ocrx_word' id='word_1_73' title='bbox 1077 1497 1268 1561; x_wconf 82' lang='lat' dir='ltr'>traditionem</span> 
     </span>
     <span class='ocr_line' id='line_1_11' title="bbox 72 1605 1269 1689; baseline 0 -21"><span class='ocrx_word' id='word_1_74' title='bbox 72 1606 239 1670; x_wconf 92' lang='lat' dir='ltr'>secundum</span> <span class='ocrx_word' id='word_1_75' title='bbox 257 1607 348 1671; x_wconf 87' lang='lat' dir='ltr'>tidem</span> <span class='ocrx_word' id='word_1_76' title='bbox 365 1607 425 1670; x_wconf 90' lang='lat' dir='ltr'>sibi</span> <span class='ocrx_word' id='word_1_77' title='bbox 441 1607 638 1671; x_wconf 74' lang='lat' dir='ltr'>contraditam</span> <span class='ocrx_word' id='word_1_78' title='bbox 655 1627 747 1689; x_wconf 89' lang='lat' dir='ltr'>super</span> <span class='ocrx_word' id='word_1_79' title='bbox 760 1607 862 1669; x_wconf 82' lang='lat' dir='ltr'>Altare</span> <span class='ocrx_word' id='word_1_80' title='bbox 876 1605 1073 1670; x_wconf 86' lang='lat' dir='ltr'>confirmauit.</span> <span class='ocrx_word' id='word_1_81' title='bbox 1090 1605 1146 1668; x_wconf 88' lang='lat' dir='ltr'>sub</span> <span class='ocrx_word' id='word_1_82' title='bbox 1163 1605 1269 1668; x_wconf 92' lang='lat' dir='ltr'>borum</span> 
     </span>
     <span class='ocr_line' id='line_1_12' title="bbox 72 1715 1270 1801; baseline -0.002 -21"><span class='ocrx_word' id='word_1_83' title='bbox 72 1717 191 1780; x_wconf 88' lang='lat' dir='ltr'>testium</span> <span class='ocrx_word' id='word_1_84' title='bbox 223 1717 386 1799; x_wconf 86' lang='lat' dir='ltr'>presentia.</span> <span class='ocrx_word' id='word_1_85' title='bbox 422 1717 493 1781; x_wconf 83' lang='lat' dir='ltr'>Otto</span> <span class='ocrx_word' id='word_1_86' title='bbox 521 1717 562 1780; x_wconf 82' lang='lat' dir='ltr'>oie</span> <span class='ocrx_word' id='word_1_87' title='bbox 588 1717 740 1780; x_wconf 82' lang='lat' dir='ltr'>brunnen.</span> <span class='ocrx_word' id='word_1_88' title='bbox 773 1716 879 1779; x_wconf 87' lang='lat' dir='ltr'>Ticmo</span> <span class='ocrx_word' id='word_1_89' title='bbox 907 1717 948 1780; x_wconf 83' lang='lat' dir='ltr'>dc</span> <span class='ocrx_word' id='word_1_90' title='bbox 975 1715 1166 1799; x_wconf 80' lang='lat' dir='ltr'>sibiccndorf.</span> <span class='ocrx_word' id='word_1_91' title='bbox 1195 1715 1270 1801; x_wconf 85' lang='lat' dir='ltr'>ipse</span> 
     </span>
     <span class='ocr_line' id='line_1_13' title="bbox 72 1821 1269 1911; baseline -0.005 -22"><span class='ocrx_word' id='word_1_92' title='bbox 72 1824 246 1890; x_wconf 81' lang='lat' dir='ltr'>Ascwicus.</span> <span class='ocrx_word' id='word_1_93' title='bbox 259 1825 342 1890; x_wconf 84' lang='lat' dir='ltr'>Otto.</span> <span class='ocrx_word' id='word_1_94' title='bbox 354 1825 533 1890; x_wconf 82' lang='lat' dir='ltr'>Hortwicb·</span> <span class='ocrx_word' id='word_1_95' title='bbox 544 1827 660 1911; x_wconf 81' lang='lat' dir='ltr'>Ropot.</span> <span class='ocrx_word' id='word_1_96' title='bbox 670 1825 836 1889; x_wconf 77' lang='lat' dir='ltr'>Euaimon.</span> <span class='ocrx_word' id='word_1_97' title='bbox 849 1824 1005 1889; x_wconf 74' lang='lat' dir='ltr'>Heinrich</span> <span class='ocrx_word' id='word_1_98' title='bbox 1014 1822 1117 1887; x_wconf 82' lang='lat' dir='ltr'>famuli</span> <span class='ocrx_word' id='word_1_99' title='bbox 1127 1821 1269 1887; x_wconf 90' lang='lat' dir='ltr'>ecclesie.</span> 
     </span>
    </p>
   </div>
   <div class='ocr_carea' id='block_1_6' title="bbox 543 2011 799 2099">
    <p class='ocr_par' dir='ltr' id='par_1_6' title="bbox 543 2011 799 2099">
     <span class='ocr_line' id='line_1_14' title="bbox 543 2011 799 2099; baseline -0.004 -1"><span class='ocrx_word' id='word_1_100' title='bbox 543 2011 799 2099; x_wconf 76' lang='lat' dir='ltr'>&#39;oonxxxun</span> 
     </span>
    </p>
   </div>
   <div class='ocr_carea' id='block_1_7' title="bbox 73 2165 1274 3102">
    <p class='ocr_par' dir='ltr' id='par_1_7' title="bbox 73 2165 1274 3102">
     <span class='ocr_line' id='line_1_15' title="bbox 159 2165 1271 2256; baseline -0.004 -23"><span class='ocrx_word' id='word_1_101' title='bbox 159 2165 313 2234; x_wconf 74' lang='lat' dir='ltr'>Hartrmit</span> <span class='ocrx_word' id='word_1_102' title='bbox 333 2169 556 2234; x_wconf 76' lang='lat' dir='ltr'>ministerialis</span> <span class='ocrx_word' id='word_1_103' title='bbox 578 2169 725 2256; x_wconf 76' lang='lat' dir='ltr'>episcopi</span> <span class='ocrx_word' id='word_1_104' title='bbox 742 2167 949 2254; x_wconf 83' lang='lat' dir='ltr'>potooicosis</span> <span class='ocrx_word' id='word_1_105' title='bbox 971 2187 1008 2230; x_wconf 84' lang='lat' dir='ltr'>ex</span> <span class='ocrx_word' id='word_1_106' title='bbox 1023 2167 1081 2230; x_wconf 91' lang='lat' dir='ltr'>bac</span> <span class='ocrx_word' id='word_1_107' title='bbox 1098 2168 1159 2230; x_wconf 91' lang='lat' dir='ltr'>uita</span> <span class='ocrx_word' id='word_1_108' title='bbox 1177 2167 1271 2229; x_wconf 91' lang='lat' dir='ltr'>dece-</span> 
     </span>
     <span class='ocr_line' id='line_1_16' title="bbox 73 2272 1272 2362; baseline -0.002 -22"><span class='ocrx_word' id='word_1_109' title='bbox 73 2277 157 2340; x_wconf 89' lang='lat' dir='ltr'>dens.</span> <span class='ocrx_word' id='word_1_110' title='bbox 174 2277 277 2360; x_wconf 92' lang='lat' dir='ltr'>ipsum</span> <span class='ocrx_word' id='word_1_111' title='bbox 294 2277 468 2361; x_wconf 89' lang='lat' dir='ltr'>episcopum</span> <span class='ocrx_word' id='word_1_112' title='bbox 485 2277 607 2360; x_wconf 80' lang='lat' dir='ltr'>reliquit</span> <span class='ocrx_word' id='word_1_113' title='bbox 624 2276 776 2340; x_wconf 88' lang='lat' dir='ltr'>heredem.</span> <span class='ocrx_word' id='word_1_114' title='bbox 797 2272 987 2340; x_wconf 79' lang='lat' dir='ltr'>denrudos</span> <span class='ocrx_word' id='word_1_115' title='bbox 1000 2295 1075 2357; x_wconf 83' lang='lat' dir='ltr'>ergo</span> <span class='ocrx_word' id='word_1_116' title='bbox 1088 2279 1159 2339; x_wconf 82' lang='lat' dir='ltr'>trrnc</span> <span class='ocrx_word' id='word_1_117' title='bbox 1171 2281 1272 2362; x_wconf 87' lang='lat' dir='ltr'>pata-</span> 
     </span>
     <span class='ocr_line' id='line_1_17' title="bbox 73 2381 1269 2473; baseline -0.003 -23"><span class='ocrx_word' id='word_1_118' title='bbox 73 2385 192 2450; x_wconf 81' lang='lat' dir='ltr'>oicnsis</span> <span class='ocrx_word' id='word_1_119' title='bbox 217 2385 388 2473; x_wconf 85' lang='lat' dir='ltr'>episcopos</span> <span class='ocrx_word' id='word_1_120' title='bbox 408 2407 462 2470; x_wconf 91' lang='lat' dir='ltr'>pro</span> <span class='ocrx_word' id='word_1_121' title='bbox 485 2385 617 2449; x_wconf 91' lang='lat' dir='ltr'>remedio</span> <span class='ocrx_word' id='word_1_122' title='bbox 633 2385 728 2469; x_wconf 92' lang='lat' dir='ltr'>ipsius</span> <span class='ocrx_word' id='word_1_123' title='bbox 749 2381 900 2450; x_wconf 75' lang='lat' dir='ltr'>Hortensii</span> <span class='ocrx_word' id='word_1_124' title='bbox 915 2383 1040 2446; x_wconf 85' lang='lat' dir='ltr'>tradidit</span> <span class='ocrx_word' id='word_1_125' title='bbox 1056 2403 1149 2466; x_wconf 90' lang='lat' dir='ltr'>super</span> <span class='ocrx_word' id='word_1_126' title='bbox 1165 2383 1269 2446; x_wconf 89' lang='lat' dir='ltr'>altare.</span> 
     </span>
     <span class='ocr_line' id='line_1_18' title="bbox 75 2491 1273 2578; baseline -0.003 -20"><span class='ocrx_word' id='word_1_127' title='bbox 75 2493 106 2558; x_wconf 86' lang='lat' dir='ltr'>S.</span> <span class='ocrx_word' id='word_1_128' title='bbox 122 2494 218 2558; x_wconf 84' lang='lat' dir='ltr'>Maria</span> <span class='ocrx_word' id='word_1_129' title='bbox 236 2493 274 2556; x_wconf 90' lang='lat' dir='ltr'>ad</span> <span class='ocrx_word' id='word_1_130' title='bbox 296 2514 420 2558; x_wconf 90' lang='lat' dir='ltr'>censum</span> <span class='ocrx_word' id='word_1_131' title='bbox 443 2495 574 2578; x_wconf 90' lang='lat' dir='ltr'>quinque</span> <span class='ocrx_word' id='word_1_132' title='bbox 596 2494 787 2558; x_wconf 90' lang='lat' dir='ltr'>denariorum</span> <span class='ocrx_word' id='word_1_133' title='bbox 811 2493 958 2576; x_wconf 89' lang='lat' dir='ltr'>mancipia</span> <span class='ocrx_word' id='word_1_134' title='bbox 981 2491 1108 2576; x_wconf 92' lang='lat' dir='ltr'>quedam</span> <span class='ocrx_word' id='word_1_135' title='bbox 1132 2512 1190 2576; x_wconf 90' lang='lat' dir='ltr'>que</span> <span class='ocrx_word' id='word_1_136' title='bbox 1212 2491 1273 2575; x_wconf 91' lang='lat' dir='ltr'>ipsi</span> 
     </span>
     <span class='ocr_line' id='line_1_19' title="bbox 75 2599 1272 2668; baseline -0.004 -2"><span class='ocrx_word' id='word_1_137' title='bbox 75 2599 251 2668; x_wconf 79' lang='lat' dir='ltr'>Hortmaido</span> <span class='ocrx_word' id='word_1_138' title='bbox 276 2603 307 2664; x_wconf 91' lang='lat' dir='ltr'>in</span> <span class='ocrx_word' id='word_1_139' title='bbox 333 2603 544 2668; x_wconf 74' lang='lat' dir='ltr'>ecciscucdic</span> <span class='ocrx_word' id='word_1_140' title='bbox 565 2603 679 2668; x_wconf 86' lang='lat' dir='ltr'>matris</span> <span class='ocrx_word' id='word_1_141' title='bbox 705 2624 761 2667; x_wconf 87' lang='lat' dir='ltr'>soc</span> <span class='ocrx_word' id='word_1_142' title='bbox 789 2601 972 2665; x_wconf 90' lang='lat' dir='ltr'>acciderant.</span> <span class='ocrx_word' id='word_1_143' title='bbox 1001 2599 1173 2664; x_wconf 87' lang='lat' dir='ltr'>Mathildam</span> <span class='ocrx_word' id='word_1_144' title='bbox 1203 2618 1272 2662; x_wconf 92' lang='lat' dir='ltr'>cum</span> 
     </span>
     <span class='ocr_line' id='line_1_20' title="bbox 76 2691 1271 2792; baseline -0.004 -18"><span class='ocrx_word' id='word_1_145' title='bbox 76 2710 143 2774; x_wconf 81' lang='lat' dir='ltr'>filiis</span> <span class='ocrx_word' id='word_1_146' title='bbox 159 2691 235 2774; x_wconf 80' lang='lat' dir='ltr'>suis.</span> <span class='ocrx_word' id='word_1_147' title='bbox 254 2710 409 2792; x_wconf 81' lang='lat' dir='ltr'>Gerungo.</span> <span class='ocrx_word' id='word_1_148' title='bbox 432 2711 645 2790; x_wconf 86' lang='lat' dir='ltr'>Meginhalmo.</span> <span class='ocrx_word' id='word_1_149' title='bbox 665 2717 694 2774; x_wconf 91' lang='lat' dir='ltr'>et</span> <span class='ocrx_word' id='word_1_150' title='bbox 710 2711 769 2774; x_wconf 87' lang='lat' dir='ltr'>filia</span> <span class='ocrx_word' id='word_1_151' title='bbox 786 2709 966 2772; x_wconf 81' lang='lat' dir='ltr'>Richlrarda.</span> <span class='ocrx_word' id='word_1_152' title='bbox 992 2709 1083 2772; x_wconf 91' lang='lat' dir='ltr'>Huius</span> <span class='ocrx_word' id='word_1_153' title='bbox 1100 2707 1271 2771; x_wconf 89' lang='lat' dir='ltr'>traditionis</span> 
     </span>
     <span class='ocr_line' id='line_1_21' title="bbox 76 2815 1271 2906; baseline -0.004 -24"><span class='ocrx_word' id='word_1_154' title='bbox 76 2825 168 2882; x_wconf 90' lang='lat' dir='ltr'>testes</span> <span class='ocrx_word' id='word_1_155' title='bbox 187 2824 396 2883; x_wconf 87' lang='lat' dir='ltr'>accesserunt.</span> <span class='ocrx_word' id='word_1_156' title='bbox 412 2819 585 2884; x_wconf 81' lang='lat' dir='ltr'>Fridcricb</span> <span class='ocrx_word' id='word_1_157' title='bbox 602 2820 641 2884; x_wconf 87' lang='lat' dir='ltr'>dc</span> <span class='ocrx_word' id='word_1_158' title='bbox 656 2821 757 2906; x_wconf 79' lang='lat' dir='ltr'>Hopc.</span> <span class='ocrx_word' id='word_1_159' title='bbox 780 2820 912 2882; x_wconf 84' lang='lat' dir='ltr'>Pcroolt</span> <span class='ocrx_word' id='word_1_160' title='bbox 926 2818 966 2882; x_wconf 89' lang='lat' dir='ltr'>de</span> <span class='ocrx_word' id='word_1_161' title='bbox 981 2839 1006 2881; x_wconf 94' lang='lat' dir='ltr'>s.</span> <span class='ocrx_word' id='word_1_162' title='bbox 1030 2815 1162 2902; x_wconf 88' lang='lat' dir='ltr'>Ypolito.</span> <span class='ocrx_word' id='word_1_163' title='bbox 1186 2816 1271 2878; x_wconf 84' lang='lat' dir='ltr'>Her·</span> 
     </span>
     <span class='ocr_line' id='line_1_22' title="bbox 76 2923 1274 3015; baseline -0.005 -23"><span class='ocrx_word' id='word_1_164' title='bbox 76 2948 147 2992; x_wconf 86' lang='lat' dir='ltr'>mon</span> <span class='ocrx_word' id='word_1_165' title='bbox 163 2929 204 2992; x_wconf 86' lang='lat' dir='ltr'>dc</span> <span class='ocrx_word' id='word_1_166' title='bbox 219 2927 432 2999; x_wconf 84' lang='lat' dir='ltr'>Huctisbcim.</span> <span class='ocrx_word' id='word_1_167' title='bbox 455 2928 664 3015; x_wconf 80' lang='lat' dir='ltr'>chicbcrtus</span> <span class='ocrx_word' id='word_1_168' title='bbox 685 2928 726 2991; x_wconf 86' lang='lat' dir='ltr'>dc</span> <span class='ocrx_word' id='word_1_169' title='bbox 748 2926 945 3014; x_wconf 83' lang='lat' dir='ltr'>loicblinpin.</span> <span class='ocrx_word' id='word_1_170' title='bbox 969 2924 1173 3013; x_wconf 79' lang='lat' dir='ltr'>Eupilsoocb.</span> <span class='ocrx_word' id='word_1_171' title='bbox 1196 2923 1274 2987; x_wconf 89' lang='lat' dir='ltr'>Dic-</span> 
     </span>
     <span class='ocr_line' id='line_1_23' title="bbox 77 3025 492 3102; baseline 0.005 -4"><span class='ocrx_word' id='word_1_172' title='bbox 77 3036 159 3102; x_wconf 82' lang='lat' dir='ltr'>tricb</span> <span class='ocrx_word' id='word_1_173' title='bbox 174 3037 217 3102; x_wconf 85' lang='lat' dir='ltr'>dc</span> <span class='ocrx_word' id='word_1_174' title='bbox 233 3036 387 3100; x_wconf 76' lang='lat' dir='ltr'>nsidera.</span> <span class='ocrx_word' id='word_1_175' title='bbox 489 3025 492 3030; x_wconf 44' lang='lat'>¹</span> 
     </span>
    </p>
   </div>
   <div class='ocr_carea' id='block_1_8' title="bbox 570 3165 792 3236">
    <p class='ocr_par' dir='ltr' id='par_1_8' title="bbox 570 3165 792 3236">
     <span class='ocr_line' id='line_1_24' title="bbox 570 3165 792 3236; baseline 0 0"><span class='ocrx_word' id='word_1_176' title='bbox 570 3165 792 3236; x_wconf 79' lang='lat' dir='ltr'>CCLXXXIX.</span> 
     </span>
    </p>
   </div>
   <div class='ocr_carea' id='block_1_9' title="bbox 78 3301 1274 3807">
    <p class='ocr_par' dir='ltr' id='par_1_9' title="bbox 78 3301 1274 3807">
     <span class='ocr_line' id='line_1_25' title="bbox 166 3301 1274 3390; baseline -0.005 -19"><span class='ocrx_word' id='word_1_177' title='bbox 166 3306 345 3372; x_wconf 86' lang='lat' dir='ltr'>Willibireb</span> <span class='ocrx_word' id='word_1_178' title='bbox 363 3305 492 3389; x_wconf 88' lang='lat' dir='ltr'>quedam</span> <span class='ocrx_word' id='word_1_179' title='bbox 505 3305 542 3370; x_wconf 93' lang='lat' dir='ltr'>ad</span> <span class='ocrx_word' id='word_1_180' title='bbox 555 3305 671 3390; x_wconf 84' lang='lat' dir='ltr'>asylum</span> <span class='ocrx_word' id='word_1_181' title='bbox 685 3306 792 3368; x_wconf 91' lang='lat' dir='ltr'>summi</span> <span class='ocrx_word' id='word_1_182' title='bbox 808 3307 893 3388; x_wconf 84' lang='lat' dir='ltr'>regis</span> <span class='ocrx_word' id='word_1_183' title='bbox 911 3305 947 3368; x_wconf 87' lang='lat' dir='ltr'>ab</span> <span class='ocrx_word' id='word_1_184' title='bbox 965 3304 1155 3371; x_wconf 85' lang='lat' dir='ltr'>exactoribus</span> <span class='ocrx_word' id='word_1_185' title='bbox 1169 3301 1274 3386; x_wconf 80' lang='lat' dir='ltr'>egypti</span> 
     </span>
     <span class='ocr_line' id='line_1_26' title="bbox 78 3413 1273 3500; baseline -0.003 -22"><span class='ocrx_word' id='word_1_186' title='bbox 78 3417 267 3497; x_wconf 80' lang='lat' dir='ltr'>confugiens.</span> <span class='ocrx_word' id='word_1_187' title='bbox 297 3415 489 3498; x_wconf 89' lang='lat' dir='ltr'>semetipsam</span> <span class='ocrx_word' id='word_1_188' title='bbox 517 3436 610 3498; x_wconf 91' lang='lat' dir='ltr'>super</span> <span class='ocrx_word' id='word_1_189' title='bbox 637 3415 732 3478; x_wconf 90' lang='lat' dir='ltr'>altare</span> <span class='ocrx_word' id='word_1_190' title='bbox 759 3415 792 3478; x_wconf 90' lang='lat' dir='ltr'>S.</span> <span class='ocrx_word' id='word_1_191' title='bbox 816 3416 920 3479; x_wconf 81' lang='lat' dir='ltr'>Maris.</span> <span class='ocrx_word' id='word_1_192' title='bbox 943 3435 999 3498; x_wconf 94' lang='lat' dir='ltr'>pro</span> <span class='ocrx_word' id='word_1_193' title='bbox 1024 3435 1116 3478; x_wconf 88' lang='lat' dir='ltr'>censu</span> <span class='ocrx_word' id='word_1_194' title='bbox 1139 3413 1273 3500; x_wconf 88' lang='lat' dir='ltr'>quinque</span> 
     </span>
     <span class='ocr_line' id='line_1_27' title="bbox 79 3519 1274 3609; baseline -0.003 -23"><span class='ocrx_word' id='word_1_195' title='bbox 79 3523 268 3589; x_wconf 90' lang='lat' dir='ltr'>denariorum</span> <span class='ocrx_word' id='word_1_196' title='bbox 281 3523 470 3588; x_wconf 85' lang='lat' dir='ltr'>contradidit.</span> <span class='ocrx_word' id='word_1_197' title='bbox 485 3524 541 3588; x_wconf 93' lang='lat' dir='ltr'>sub</span> <span class='ocrx_word' id='word_1_198' title='bbox 554 3524 661 3587; x_wconf 92' lang='lat' dir='ltr'>horum</span> <span class='ocrx_word' id='word_1_199' title='bbox 672 3527 794 3588; x_wconf 88' lang='lat' dir='ltr'>testium</span> <span class='ocrx_word' id='word_1_200' title='bbox 807 3522 971 3607; x_wconf 86' lang='lat' dir='ltr'>presentia.</span> <span class='ocrx_word' id='word_1_201' title='bbox 994 3523 1133 3609; x_wconf 79' lang='lat' dir='ltr'>Wolsper</span> <span class='ocrx_word' id='word_1_202' title='bbox 1144 3527 1176 3586; x_wconf 87' lang='lat' dir='ltr'>et</span> <span class='ocrx_word' id='word_1_203' title='bbox 1187 3519 1274 3606; x_wconf 79' lang='lat' dir='ltr'>filios</span> 
     </span>
     <span class='ocr_line' id='line_1_28' title="bbox 78 3627 1272 3719; baseline -0.006 -23"><span class='ocrx_word' id='word_1_204' title='bbox 78 3633 143 3708; x_wconf 68' lang='lat' dir='ltr'>dus</span> <span class='ocrx_word' id='word_1_205' title='bbox 160 3634 312 3719; x_wconf 82' lang='lat' dir='ltr'>Woifpcr.</span> <span class='ocrx_word' id='word_1_206' title='bbox 337 3635 484 3698; x_wconf 82' lang='lat' dir='ltr'>Dcttmdr</span> <span class='ocrx_word' id='word_1_207' title='bbox 499 3641 608 3699; x_wconf 84' lang='lat' dir='ltr'>coctu.</span> <span class='ocrx_word' id='word_1_208' title='bbox 634 3634 811 3698; x_wconf 75' lang='lat' dir='ltr'>Hortcoicb.</span> <span class='ocrx_word' id='word_1_209' title='bbox 837 3633 984 3696; x_wconf 84' lang='lat' dir='ltr'>Beroold.</span> <span class='ocrx_word' id='word_1_210' title='bbox 1004 3631 1086 3695; x_wconf 84' lang='lat' dir='ltr'>Otto.</span> <span class='ocrx_word' id='word_1_211' title='bbox 1112 3627 1272 3694; x_wconf 85' lang='lat' dir='ltr'>Dettricb.</span> 
     </span>
     <span class='ocr_line' id='line_1_29' title="bbox 82 3741 243 3807; baseline -0.006 -3"><span class='ocrx_word' id='word_1_212' title='bbox 82 3741 243 3807; x_wconf 75' lang='lat' dir='ltr'>Tnctmcn.</span> 
     </span>
    </p>
   </div>
   <div class='ocr_carea' id='block_1_10' title="bbox 603 3891 755 3964">
    <p class='ocr_par' dir='ltr' id='par_1_10' title="bbox 603 3891 755 3964">
     <span class='ocr_line' id='line_1_30' title="bbox 603 3891 755 3964; baseline 0.007 -3"><span class='ocrx_word' id='word_1_213' title='bbox 603 3891 755 3964; x_wconf 78' lang='lat' dir='ltr'>CCLXG.</span> 
     </span>
    </p>
   </div>
   <div class='ocr_carea' id='block_1_11' title="bbox 80 4026 1279 4642">
    <p class='ocr_par' dir='ltr' id='par_1_11' title="bbox 80 4026 1279 4642">
     <span class='ocr_line' id='line_1_31' title="bbox 166 4026 1276 4116; baseline -0.003 -22"><span class='ocrx_word' id='word_1_214' title='bbox 166 4033 253 4094; x_wconf 80' lang='lat' dir='ltr'>Anno</span> <span class='ocrx_word' id='word_1_215' title='bbox 270 4030 486 4094; x_wconf 86' lang='lat' dir='ltr'>incarnationis</span> <span class='ocrx_word' id='word_1_216' title='bbox 503 4031 613 4094; x_wconf 91' lang='lat' dir='ltr'>domini</span> <span class='ocrx_word' id='word_1_217' title='bbox 630 4029 822 4096; x_wconf 83' lang='lat' dir='ltr'>M.C.XXXI.</span> <span class='ocrx_word' id='word_1_218' title='bbox 845 4030 1025 4116; x_wconf 82' lang='lat' dir='ltr'>liberpcros</span> <span class='ocrx_word' id='word_1_219' title='bbox 1041 4027 1161 4111; x_wconf 90' lang='lat' dir='ltr'>quidam</span> <span class='ocrx_word' id='word_1_220' title='bbox 1177 4026 1276 4091; x_wconf 82' lang='lat' dir='ltr'>mini-</span> 
     </span>
     <span class='ocr_line' id='line_1_32' title="bbox 80 4135 1276 4227; baseline -0.004 -24"><span class='ocrx_word' id='word_1_221' title='bbox 80 4141 219 4204; x_wconf 85' lang='lat' dir='ltr'>sterialis</span> <span class='ocrx_word' id='word_1_222' title='bbox 230 4139 434 4227; x_wconf 85' lang='lat' dir='ltr'>pctcuiensis</span> <span class='ocrx_word' id='word_1_223' title='bbox 446 4139 599 4227; x_wconf 83' lang='lat' dir='ltr'>episcopi.</span> <span class='ocrx_word' id='word_1_224' title='bbox 616 4159 683 4202; x_wconf 90' lang='lat' dir='ltr'>oum</span> <span class='ocrx_word' id='word_1_225' title='bbox 695 4139 817 4203; x_wconf 89' lang='lat' dir='ltr'>licentia</span> <span class='ocrx_word' id='word_1_226' title='bbox 834 4135 1022 4224; x_wconf 79' lang='lat' dir='ltr'>Repicmori</span> <span class='ocrx_word' id='word_1_227' title='bbox 1031 4143 1102 4200; x_wconf 85' lang='lat' dir='ltr'>tunc</span> <span class='ocrx_word' id='word_1_228' title='bbox 1110 4135 1276 4221; x_wconf 74' lang='lat' dir='ltr'>pontificis</span> 
     </span>
     <span class='ocr_line' id='line_1_33' title="bbox 82 4243 1277 4332; baseline 0 -24"><span class='ocrx_word' id='word_1_229' title='bbox 82 4246 235 4330; x_wconf 85' lang='lat' dir='ltr'>delegauit</span> <span class='ocrx_word' id='word_1_230' title='bbox 247 4267 339 4331; x_wconf 90' lang='lat' dir='ltr'>snper</span> <span class='ocrx_word' id='word_1_231' title='bbox 351 4248 457 4311; x_wconf 89' lang='lat' dir='ltr'>attare.</span> <span class='ocrx_word' id='word_1_232' title='bbox 471 4247 503 4310; x_wconf 88' lang='lat' dir='ltr'>S.</span> <span class='ocrx_word' id='word_1_233' title='bbox 516 4248 611 4312; x_wconf 84' lang='lat' dir='ltr'>Maris</span> <span class='ocrx_word' id='word_1_234' title='bbox 628 4269 683 4332; x_wconf 92' lang='lat' dir='ltr'>per</span> <span class='ocrx_word' id='word_1_235' title='bbox 699 4267 817 4310; x_wconf 92' lang='lat' dir='ltr'>manum</span> <span class='ocrx_word' id='word_1_236' title='bbox 834 4245 930 4310; x_wconf 85' lang='lat' dir='ltr'>tiberi</span> <span class='ocrx_word' id='word_1_237' title='bbox 944 4245 1081 4309; x_wconf 82' lang='lat' dir='ltr'>bominis</span> <span class='ocrx_word' id='word_1_238' title='bbox 1095 4243 1277 4309; x_wconf 81' lang='lat' dir='ltr'>Gebebordi</span> 
     </span>
     <span class='ocr_line' id='line_1_34' title="bbox 82 4352 1279 4446; baseline -0.004 -25"><span class='ocrx_word' id='word_1_239' title='bbox 82 4358 120 4421; x_wconf 83' lang='lat' dir='ltr'>dc</span> <span class='ocrx_word' id='word_1_240' title='bbox 136 4359 296 4446; x_wconf 81' lang='lat' dir='ltr'>Woproim</span> <span class='ocrx_word' id='word_1_241' title='bbox 312 4377 448 4421; x_wconf 89' lang='lat' dir='ltr'>mansum</span> <span class='ocrx_word' id='word_1_242' title='bbox 464 4377 552 4420; x_wconf 93' lang='lat' dir='ltr'>unum</span> <span class='ocrx_word' id='word_1_243' title='bbox 571 4357 609 4421; x_wconf 91' lang='lat' dir='ltr'>ad</span> <span class='ocrx_word' id='word_1_244' title='bbox 625 4357 840 4445; x_wconf 81' lang='lat' dir='ltr'>Noppindorf.</span> <span class='ocrx_word' id='word_1_245' title='bbox 856 4355 887 4418; x_wconf 91' lang='lat' dir='ltr'>in</span> <span class='ocrx_word' id='word_1_246' title='bbox 903 4354 1057 4438; x_wconf 88' lang='lat' dir='ltr'>presentia</span> <span class='ocrx_word' id='word_1_247' title='bbox 1075 4352 1279 4418; x_wconf 81' lang='lat' dir='ltr'>Cbodolbobi</span> 
     </span>
     <span class='ocr_line' id='line_1_35' title="bbox 82 4461 1276 4550; baseline -0.004 -20"><span class='ocrx_word' id='word_1_248' title='bbox 82 4467 212 4532; x_wconf 86' lang='lat' dir='ltr'>obbatis.</span> <span class='ocrx_word' id='word_1_249' title='bbox 229 4468 278 4531; x_wconf 89' lang='lat' dir='ltr'>his</span> <span class='ocrx_word' id='word_1_250' title='bbox 291 4467 419 4530; x_wconf 90' lang='lat' dir='ltr'>testibus</span> <span class='ocrx_word' id='word_1_251' title='bbox 434 4465 673 4550; x_wconf 86' lang='lat' dir='ltr'>astipulantibus.</span> <span class='ocrx_word' id='word_1_252' title='bbox 691 4467 893 4530; x_wconf 83' lang='lat' dir='ltr'>Hermoncos</span> <span class='ocrx_word' id='word_1_253' title='bbox 910 4469 941 4527; x_wconf 93' lang='lat' dir='ltr'>et</span> <span class='ocrx_word' id='word_1_254' title='bbox 953 4467 1060 4548; x_wconf 82' lang='lat' dir='ltr'>frater</span> <span class='ocrx_word' id='word_1_255' title='bbox 1073 4462 1140 4526; x_wconf 87' lang='lat' dir='ltr'>cios</span> <span class='ocrx_word' id='word_1_256' title='bbox 1155 4461 1276 4543; x_wconf 80' lang='lat' dir='ltr'>Rspic-</span> 
     </span>
     <span class='ocr_line' id='line_1_36' title="bbox 84 4570 1279 4642; baseline -0.006 -2"><span class='ocrx_word' id='word_1_257' title='bbox 84 4574 202 4641; x_wconf 84' lang='lat' dir='ltr'>bordos</span> <span class='ocrx_word' id='word_1_258' title='bbox 229 4576 272 4640; x_wconf 86' lang='lat' dir='ltr'>dc</span> <span class='ocrx_word' id='word_1_259' title='bbox 298 4575 503 4642; x_wconf 66' lang='lat' dir='ltr'>bootmboim.</span> <span class='ocrx_word' id='word_1_260' title='bbox 544 4575 724 4642; x_wconf 79' lang='lat' dir='ltr'>Woltbcrus</span> <span class='ocrx_word' id='word_1_261' title='bbox 755 4575 796 4639; x_wconf 88' lang='lat' dir='ltr'>dc</span> <span class='ocrx_word' id='word_1_262' title='bbox 828 4573 960 4638; x_wconf 82' lang='lat' dir='ltr'>chscn.</span> <span class='ocrx_word' id='word_1_263' title='bbox 999 4570 1206 4636; x_wconf 84' lang='lat' dir='ltr'>Gebcbordus</span> <span class='ocrx_word' id='word_1_264' title='bbox 1238 4571 1279 4634; x_wconf 86' lang='lat' dir='ltr'>dc</span> 
     </span>
    </p>
   </div>
   <div class='ocr_carea' id='block_1_12' title="bbox 0 0 1584 5096">
    <p class='ocr_par' dir='ltr' id='par_1_12' title="bbox 0 0 1584 5096">
     <span class='ocr_line' id='line_1_37' title="bbox 0 0 1584 5096; baseline 0 0"><span class='ocrx_word' id='word_1_265' title='bbox 0 0 1584 5096; x_wconf 95' lang='lat' dir='ltr'> </span> 
     </span>
    </p>
   </div>
  </div>
 </body>
</html>
