3074 5094
1179 349 1255 422 347

54 523 137 587 modi
153 529 253 588 ratum
271 529 302 587 et
318 528 433 607 gratum
449 523 612 597 hahentes,
640 524 752 587 dietum
774 526 910 607 iugerum
929 529 998 608 post
1013 525 1256 606 resignacionem

56 633 152 714 ipsius
171 633 337 698 Gebhardi
351 631 491 696 Ecclesie
508 631 712 696 Chotwicensi
728 634 935 697 concessimus
957 635 988 694 et
1004 632 1177 696 donavimus
1194 633 1260 695 iure

58 740 212 822 predicto,
238 740 319 826 quod
336 743 366 804 in
382 740 501 824 vulgari
516 741 704 805 Perehrecht
720 742 839 814 dicitur,
863 745 1012 824 perpetuo
1033 741 1260 824 possidendum,

58 848 153 912 saluis
172 850 292 913 omnino
310 850 530 913 conditionibus
547 849 626 913 intra
644 849 777 931 scriptis,
798 848 943 912 videlicet
959 847 1037 933 quod
1056 847 1094 910 ad
1110 847 1261 930 hospitale
1336 836 1338 842 ¹

57 962 197 1020 nostrum
226 959 357 1043 quinque
385 979 459 1022 nrne
484 960 544 1024 vini
570 960 738 1040 crescentis
762 959 792 1021 in
819 959 887 1040 ipso
910 959 1018 1038 iugera
1041 957 1163 1020 nomine
1185 958 1261 1021 iuris

55 1067 192 1128 montani
222 1085 279 1128 nec
307 1085 450 1148 non-pro
479 1064 605 1138 decima,
630 1085 690 1150 que
717 1065 756 1128 de
783 1063 836 1128 illo
861 1064 991 1128 debetur
1018 1065 1103 1128 annis
1131 1065 1259 1146 singulis

55 1173 277 1236 ministrentur.
315 1173 401 1255 Quod
432 1174 458 1236 si
490 1175 650 1236 seruicium
678 1171 751 1236 illud
781 1193 838 1256 per
869 1173 944 1235 duos
977 1191 1069 1235 annos
1101 1162 1259 1236 continuos

55 1281 223 1344 obmissum
243 1282 291 1345 vel
308 1281 480 1364 neglectum
496 1282 588 1345 fuerit
603 1299 721 1366 quoquo
738 1281 837 1354 modo,
863 1280 1052 1365 sepedictum
1070 1280 1206 1361 iugerum
1223 1281 1260 1344 ad

53 1389 207 1472 hospitale
234 1393 368 1452 nostrum
397 1409 463 1454 cum
479 1388 668 1472 {integritate
693 1388 860 1452 omnimoda
883 1387 1070 1452 devolvetur.
1102 1387 1259 1452 Vendendi

53 1516 130 1560 vero
146 1493 188 1559 'et
215 1493 370 1580 obligandi
395 1518 450 1560 seu
471 1497 500 1560 in
522 1517 669 1580 personas
694 1497 769 1560 alias
793 1497 920 1560 eandem
943 1497 1060 1561 vineam
1082 1497 1148 1560 iure
1171 1495 1259 1558 simili

51 1605 265 1670 transferendi
280 1594 402 1690 plenam
417 1605 543 1670 habehit
559 1603 779 1668 Chotwicensis
796 1602 935 1668 Ecclesia
957 1604 1147 1676 facultatem,
1172 1603 1259 1666 dum-

51 1714 146 1777 modo
163 1734 220 1797 per
236 1735 306 1786 nos,
330 1715 474 1799 quicquid
491 1715 594 1777 talium
611 1714 722 1778 factum
736 1711 845 1784 inerit,
870 1711 1073 1776 confirmetur.
1097 1713 1137 1776 Vt
1160 1717 1257 1774 autem

51 1824 139 1886 circa
158 1828 344 1886 contractum
361 1821 530 1886 huiusmodi
547 1827 578 1885 et
593 1821 804 1885 nichilominus
822 1821 904 1884 circa
921 1820 1111 1883 donationem
1132 1825 1163 1884 et
1186 1841 1259 1885 con·
1334 1873 1337 1880 .

52 1930 228 1994 cessionem
244 1931 355 1994 iactam
372 1929 491 1993 anobis
509 1929 605 1993 omnis
622 1929 752 1993 enitetur
768 1929 938 2012 calumpnia
961 1930 990 1991 in
1008 1929 1157 2001 futurum,
1182 1948 1257 2010 pre-

51 2043 160 2100 sentes
185 2037 301 2102 litteras
324 2035 464 2102 Ecclesie
481 2037 688 2102 Chotwicensi
712 2037 867 2110 dedimus,
894 2036 1061 2118 sigillorum
1086 2039 1256 2100 nostrorum

51 2143 392 2209 rohore'communitas.
418 2147 529 2210 Testes
546 2150 617 2210 sunt
633 2145 756 2208 domini.
783 2147 856 2210 Otto
873 2144 1017 2216 decanus,
1042 2144 1190 2208 Aloeroo
1205 2165 1258 2209 ou-

1 2341 2 2344 *
50 2258 120 2316 stos
140 2253 343 2327 dominarum3
367 2256 538 2320 Helorinus
561 2253 599 2316 de
615 2257 734 2338 Ppela.
761 2255 903 2337 Ortolfns
923 2253 1069 2324 Prentel‚
1094 2253 1257 2317 Dietrious

52 2363 207 2447 plebanus
240 2365 339 2428 sancti
369 2365 499 2427 Martini.
540 2365 697 2438 Wiseoto,
736 2362 887 2444 Ortolfos.
929 2363 1049 2425 Paulos
1081 2361 1255 2428 celerarius.

52 2472 219 2538 Helaoioos
251 2477 365 2534 custos.
397 2472 615 2557 Morquordoo
649 2469 832 2532 camerarius
865 2469 1061 2532 dominarum.
1087 2471 1256 2534 Pertoldoo

51 2580 203 2660 magister
234 2579 430 2644 infirmorum.
460 2582 606 2666 [luperco
633 2578 671 2640 de
702 2579 829 2654 Gadats.
861 2578 999 2642 Jaeodus
1030 2577 1255 2660 hospitalarius.

51 2687 228 2752 Heinrioaoo
250 2688 288 2750 de
304 2689 462 2752 Hauselrlo.
487 2687 688 2773 Stephanos,
712 2686 859 2750 ailbertus
884 2686 922 2748 de
945 2687 1099 2770 Gebnops.
1127 2688 1199 2751 Otto
1217 2688 1255 2750 de

55 2796 184 2861 Wnno.
212 2796 397 2884 Stephanos
422 2795 461 2858 de
483 2793 644 2878 Sirndorf.
669 2795 839 2858 Peotoldus
866 2795 904 2858 de
926 2795 1011 2860 Alos.
1037 2795 1254 2872 Eberhardos,

52 2902 259 2975 Fridericus‚
289 2903 470 2975 Lintoldoo,
505 2903 692 2966 sacerdotes.
732 2904 926 2977 Rimbertue
965 2905 1147 2992 (lorumque,
1180 2905 1255 2988 dya-

51 3011 146 3082 coni,
171 3011 317 3073 canonici.
342 3011 531 3076 Friderions
561 3007 728 3076 Haitotoch.
753 3011 940 3076 Friderious
972 3017 1041 3074 ante
1073 3011 1253 3075 Ecclesiam.

54 3119 157 3183 Cholo
179 3117 329 3182 officialis.
362 3103 576 3185 llhrnlaardos
608 3120 722 3184 Shwor
749 3119 871 3182 milites.
908 3120 1033 3185 Vlrioos
1061 3120 1098 3183 de
1124 3121 1256 3206 Steypo-

49 3225 168 3314 perch.
194 3227 346 3292 Nicolcuo
362 3228 475 3290 asinus.
507 3227 692 3300 dociminus,
718 3223 920 3292 Hemonam
940 3228 1058 3312 pmion.
1090 3231 1256 3314 Geronpns

52 3333 134 3396 filius
167 3333 329 3411 officialis,
364 3339 394 3398 et
422 3335 473 3398 alii
501 3336 594 3398 multi.
628 3333 735 3397 Datum
767 3343 798 3396 et
830 3340 929 3397 aetum
960 3335 1152 3421 Neundurpe
1179 3355 1276 3397 anno.

53 3439 170 3504 domini
209 3440 368 3504 Millesimo
401 3442 609 3506 ducentesimo
649 3444 843 3524 nonagesimo
871 3443 924 3538 ¹Vl.
961 3443 991 3504 in
1023 3442 1072 3504 die
1108 3442 1254 3506 kathedre

53 3549 90 3613 S.
107 3550 201 3612 Petri.

129 3727 180 3780 Die
193 3726 283 3796 Siegel
297 3728 345 3781 des
355 3728 482 3798 Propstes
495 3729 550 3782 und
560 3728 677 3802 Capitels
690 3747 740 3783 von
750 3730 979 3798 Klosterneuburg
992 3729 1051 3783 sind
1065 3732 1114 3799 gut
1126 3730 1255 3784 erhelten.

127 3818 183 3870 Der
203 3833 270 3886 ganz
291 3819 506 3889 gleiehlautende
524 3819 624 3874 Revera
644 3821 692 3874 des
707 3821 874 3890 Gdttweiger
890 3821 974 3873 Abtes
992 3821 1116 3874 Heinrich
1135 3821 1188 3873 und
1207 3821 1254 3874 des

54 3908 207 3962 Consentes
230 3909 266 3962 ist
289 3909 450 3978 ausgestellt
465 3909 499 3962 im
519 3911 640 3980 hiesigen
659 3911 741 3964 Stifte
760 3927 801 3963 am
818 3911 897 3964 Festa
916 3910 965 3964 des
989 3910 1115 3982 Apostels
1132 3910 1255 3972 Mathius,

53 4000 80 4052 d.
94 3997 111 4050 i.
126 3999 172 4052 24.
185 3999 302 4052 Februer
316 3999 456 4053 desselben
465 4001 561 4054 Jahres
574 4001 647 4056 1296
659 4002 686 4054 in
697 4001 858 4070 Gegenwart
871 4001 1012 4071 folgenden
1023 4001 1254 4071 Sliltsmitglieder

52 4089 93 4141 als
113 4089 238 4157 Zeugen:
258 4089 341 4142 Huius
362 4090 402 4143 rei
430 4093 513 4144 testes
537 4093 598 4144 sunt
612 4091 709 4145 fratres
723 4091 824 4144 nostri:
847 4092 911 4146 Otto
929 4091 1011 4161 prior.
1031 4091 1134 4144 Petrus
1153 4095 1254 4144 cantor.

58 4178 239 4233 Wa'chardno.
271 4178 451 4235 Helmwionn
486 4181 664 4236 chunradus.
693 4181 886 4236 Eberharduo.
919 4181 1100 4235 Walohunuo.
1125 4181 1256 4236 Aldertus

53 4271 188 4342 plebanus
202 4269 294 4323 Sancti
308 4270 368 4323 Viti.
388 4271 566 4327 Helmaos'ons.
586 4271 760 4336 Friderious‚
780 4273 945 4327 sacerdotes.
965 4272 1096 4327 Andreas
1110 4280 1137 4326 et
1153 4272 1255 4326 Cholo-

51 4377 178 4414 mannua
195 4361 294 4414 fratres
307 4361 340 4414 de
353 4361 438 4414 Stein.
469 4362 641 4417 chunradus
654 4363 690 4418 do
702 4363 864 4435 Hompcola.
884 4361 1105 4432 Enyelaoholoue
1122 4361 1156 4416 de
1171 4362 1253 4416 Fert.

54 4449 230 4506 Ohunradus
249 4455 277 4504 et
296 4450 405 4504 Vlrieus
417 4452 523 4515 ibidem,
543 4461 570 4506 et
583 4453 626 4506 alii
639 4454 722 4507 multi.
746 4455 841 4508 Datum
854 4453 879 4507 in
894 4453 1043 4509 Chotwico.
1068 4455 1144 4508 Anno
1158 4454 1254 4510 domini

53 4542 88 4595 hl.
102 4541 155 4597 CC.
169 4541 340 4610 nonagesimo
354 4542 399 4595 vr.
412 4543 511 4598 Mathis
525 4544 656 4615 Apostoli.
