<?xml version="1.0" encoding="UTF-8"?>
<!DOCTYPE html PUBLIC "-//W3C//DTD XHTML 1.0 Transitional//EN"
    "http://www.w3.org/TR/xhtml1/DTD/xhtml1-transitional.dtd">
<html xmlns="http://www.w3.org/1999/xhtml" xml:lang="en" lang="en">
 <head>
  <title>
</title>
<meta http-equiv="Content-Type" content="text/html;charset=utf-8" />
  <meta name='ocr-system' content='tesseract 3.04.00' />
  <meta name='ocr-capabilities' content='ocr_page ocr_carea ocr_par ocr_line ocrx_word'/>
</head>
<body>
  <div class='ocr_page' id='page_1' title='image "./fontesrerumaust11kommgoog/fontesrerumaust11kommgoog_0096.png"; bbox 0 0 3122 5096; ppageno 0'>
   <div class='ocr_carea' id='block_1_1' title="bbox 1194 357 1243 432">
    <p class='ocr_par' dir='ltr' id='par_1_1' title="bbox 1194 357 1243 432">
     <span class='ocr_line' id='line_1_1' title="bbox 1194 357 1243 432; baseline -0.041 0"><span class='ocrx_word' id='word_1_1' title='bbox 1194 357 1243 432; x_wconf 76' lang='lat'>⁷5</span> 
     </span>
    </p>
   </div>
   <div class='ocr_carea' id='block_1_2' title="bbox 59 537 1245 847">
    <p class='ocr_par' dir='ltr' id='par_1_2' title="bbox 59 537 1245 847">
     <span class='ocr_line' id='line_1_2' title="bbox 62 537 1245 632; baseline -0.006 -23"><span class='ocrx_word' id='word_1_2' title='bbox 62 542 238 609; x_wconf 81' lang='lat' dir='ltr'>Gardardna</span> <span class='ocrx_word' id='word_1_3' title='bbox 268 545 299 605; x_wconf 88' lang='lat' dir='ltr'>et</span> <span class='ocrx_word' id='word_1_4' title='bbox 326 541 531 608; x_wconf 71' lang='lat' dir='ltr'>corosanam</span> <span class='ocrx_word' id='word_1_5' title='bbox 558 544 600 608; x_wconf 84' lang='lat' dir='ltr'>da</span> <span class='ocrx_word' id='word_1_6' title='bbox 625 537 761 632; x_wconf 81' lang='lat' dir='ltr'>pirddm.</span> <span class='ocrx_word' id='word_1_7' title='bbox 790 539 958 606; x_wconf 63' lang='lat' dir='ltr'>Hennaeis</span> <span class='ocrx_word' id='word_1_8' title='bbox 985 541 1025 604; x_wconf 84' lang='lat' dir='ltr'>de</span> <span class='ocrx_word' id='word_1_9' title='bbox 1048 537 1245 621; x_wconf 71' lang='lat' dir='ltr'>odalclodorpt</span> 
     </span>
     <span class='ocr_line' id='line_1_3' title="bbox 59 648 1244 738; baseline -0.006 -22"><span class='ocrx_word' id='word_1_10' title='bbox 59 652 225 738; x_wconf 77' lang='lat' dir='ltr'>liupoldus</span> <span class='ocrx_word' id='word_1_11' title='bbox 242 658 273 714; x_wconf 89' lang='lat' dir='ltr'>et</span> <span class='ocrx_word' id='word_1_12' title='bbox 284 649 372 735; x_wconf 78' lang='lat' dir='ltr'>filius</span> <span class='ocrx_word' id='word_1_13' title='bbox 388 651 658 716; x_wconf 65' lang='lat' dir='ltr'>ermedramnus</span> <span class='ocrx_word' id='word_1_14' title='bbox 674 651 714 714; x_wconf 85' lang='lat' dir='ltr'>de</span> <span class='ocrx_word' id='word_1_15' title='bbox 729 651 826 714; x_wconf 77' lang='lat' dir='ltr'>orlac.</span> <span class='ocrx_word' id='word_1_16' title='bbox 843 649 924 714; x_wconf 70' lang='lat' dir='ltr'>Hira</span> <span class='ocrx_word' id='word_1_17' title='bbox 935 649 975 713; x_wconf 79' lang='lat' dir='ltr'>de</span> <span class='ocrx_word' id='word_1_18' title='bbox 986 648 1244 733; x_wconf 81' lang='lat' dir='ltr'>Ederoprunncn.</span> 
     </span>
     <span class='ocr_line' id='line_1_4' title="bbox 59 755 797 847; baseline -0.007 -23"><span class='ocrx_word' id='word_1_19' title='bbox 59 759 267 847; x_wconf 72' lang='lat' dir='ltr'>Regindcrtns.</span> <span class='ocrx_word' id='word_1_20' title='bbox 284 760 456 826; x_wconf 67' lang='lat' dir='ltr'>Heinrdcus</span> <span class='ocrx_word' id='word_1_21' title='bbox 472 761 510 823; x_wconf 92' lang='lat' dir='ltr'>de</span> <span class='ocrx_word' id='word_1_22' title='bbox 526 757 635 828; x_wconf 83' lang='lat' dir='ltr'>familia</span> <span class='ocrx_word' id='word_1_23' title='bbox 654 755 797 822; x_wconf 76' lang='lat' dir='ltr'>ecclesie.</span> 
     </span>
    </p>
   </div>
   <div class='ocr_carea' id='block_1_3' title="bbox 553 977 745 1051">
    <p class='ocr_par' dir='ltr' id='par_1_3' title="bbox 553 977 745 1051">
     <span class='ocr_line' id='line_1_5' title="bbox 553 977 745 1051; baseline -0.01 0"><span class='ocrx_word' id='word_1_24' title='bbox 553 977 745 1051; x_wconf 71' lang='lat' dir='ltr'>cccxciv.</span> 
     </span>
    </p>
   </div>
   <div class='ocr_carea' id='block_1_4' title="bbox 49 1115 1248 3909">
    <p class='ocr_par' dir='ltr' id='par_1_4' title="bbox 49 1115 1248 3909">
     <span class='ocr_line' id='line_1_6' title="bbox 140 1115 1245 1202; baseline -0.005 -19"><span class='ocrx_word' id='word_1_25' title='bbox 140 1118 331 1202; x_wconf 78' lang='lat' dir='ltr'>cognoscant</span> <span class='ocrx_word' id='word_1_26' title='bbox 355 1117 467 1183; x_wconf 85' lang='lat' dir='ltr'><strong>Christi</strong></span> <span class='ocrx_word' id='word_1_27' title='bbox 490 1117 597 1183; x_wconf 87' lang='lat' dir='ltr'>fideles</span> <span class='ocrx_word' id='word_1_28' title='bbox 621 1123 681 1182; x_wconf 90' lang='lat' dir='ltr'>tam</span> <span class='ocrx_word' id='word_1_29' title='bbox 705 1117 799 1182; x_wconf 84' lang='lat' dir='ltr'>futuri</span> <span class='ocrx_word' id='word_1_30' title='bbox 822 1137 910 1202; x_wconf 92' lang='lat' dir='ltr'>quam</span> <span class='ocrx_word' id='word_1_31' title='bbox 935 1119 1093 1200; x_wconf 84' lang='lat' dir='ltr'>presentes</span> <span class='ocrx_word' id='word_1_32' title='bbox 1116 1115 1245 1200; x_wconf 81' lang='lat' dir='ltr'>qualiter</span> 
     </span>
     <span class='ocr_line' id='line_1_7' title="bbox 58 1222 1244 1316; baseline -0.006 -23"><span class='ocrx_word' id='word_1_33' title='bbox 58 1229 260 1316; x_wconf 74' lang='lat' dir='ltr'>Baginbertuo</span> <span class='ocrx_word' id='word_1_34' title='bbox 283 1228 324 1292; x_wconf 84' lang='lat' dir='ltr'>dc</span> <span class='ocrx_word' id='word_1_35' title='bbox 343 1229 471 1293; x_wconf 79' lang='lat' dir='ltr'>olearon</span> <span class='ocrx_word' id='word_1_36' title='bbox 494 1225 643 1312; x_wconf 83' lang='lat' dir='ltr'>quoddam</span> <span class='ocrx_word' id='word_1_37' title='bbox 664 1227 855 1309; x_wconf 82' lang='lat' dir='ltr'><strong>mancipium.</strong></span> <span class='ocrx_word' id='word_1_38' title='bbox 877 1223 915 1287; x_wconf 90' lang='grc' dir='ltr'>Ν.</span> <span class='ocrx_word' id='word_1_39' title='bbox 938 1222 1104 1287; x_wconf 88' lang='lat' dir='ltr'>Mathildis.</span> <span class='ocrx_word' id='word_1_40' title='bbox 1130 1222 1244 1308; x_wconf 92' lang='lat' dir='ltr'>quoda</span> 
     </span>
     <span class='ocr_line' id='line_1_8' title="bbox 59 1331 1244 1418; baseline -0.003 -19"><span class='ocrx_word' id='word_1_41' title='bbox 59 1335 224 1418; x_wconf 89' lang='lat' dir='ltr'>parentibus</span> <span class='ocrx_word' id='word_1_42' title='bbox 243 1337 306 1400; x_wconf 91' lang='lat' dir='ltr'>suis</span> <span class='ocrx_word' id='word_1_43' title='bbox 323 1335 497 1418; x_wconf 92' lang='lat' dir='ltr'>delegatum</span> <span class='ocrx_word' id='word_1_44' title='bbox 513 1337 612 1399; x_wconf 90' lang='lat' dir='ltr'>fuerat</span> <span class='ocrx_word' id='word_1_45' title='bbox 628 1355 718 1418; x_wconf 90' lang='lat' dir='ltr'>super</span> <span class='ocrx_word' id='word_1_46' title='bbox 735 1335 829 1398; x_wconf 91' lang='lat' dir='ltr'>altare</span> <span class='ocrx_word' id='word_1_47' title='bbox 845 1332 877 1396; x_wconf 92' lang='lat' dir='ltr'>S.</span> <span class='ocrx_word' id='word_1_48' title='bbox 896 1331 1091 1414; x_wconf 88' lang='lat' dir='ltr'>Margarethc</span> <span class='ocrx_word' id='word_1_49' title='bbox 1107 1335 1244 1397; x_wconf 78' lang='lat' dir='ltr'>elacrem.</span> 
     </span>
     <span class='ocr_line' id='line_1_9' title="bbox 58 1443 1246 1529; baseline -0.002 -23"><span class='ocrx_word' id='word_1_50' title='bbox 58 1463 107 1528; x_wconf 92' lang='lat' dir='ltr'>pro</span> <span class='ocrx_word' id='word_1_51' title='bbox 122 1445 285 1529; x_wconf 82' lang='lat' dir='ltr'>peticione.</span> <span class='ocrx_word' id='word_1_52' title='bbox 310 1447 341 1507; x_wconf 87' lang='lat' dir='ltr'>et</span> <span class='ocrx_word' id='word_1_53' title='bbox 356 1445 600 1508; x_wconf 83' lang='lat' dir='ltr'>remuneratione</span> <span class='ocrx_word' id='word_1_54' title='bbox 623 1443 718 1528; x_wconf 90' lang='lat' dir='ltr'>patris</span> <span class='ocrx_word' id='word_1_55' title='bbox 743 1447 973 1524; x_wconf 89' lang='lat' dir='ltr'>ceterorumque</span> <span class='ocrx_word' id='word_1_56' title='bbox 988 1445 1144 1524; x_wconf 92' lang='lat' dir='ltr'>parentum</span> <span class='ocrx_word' id='word_1_57' title='bbox 1163 1443 1246 1504; x_wconf 90' lang='lat' dir='ltr'>eius-</span> 
     </span>
     <span class='ocr_line' id='line_1_10' title="bbox 59 1546 1247 1635; baseline -0.005 -19"><span class='ocrx_word' id='word_1_58' title='bbox 59 1553 119 1616; x_wconf 87' lang='lat' dir='ltr'>dem</span> <span class='ocrx_word' id='word_1_59' title='bbox 142 1553 283 1635; x_wconf 88' lang='lat' dir='ltr'>mancipii</span> <span class='ocrx_word' id='word_1_60' title='bbox 307 1571 373 1616; x_wconf 90' lang='lat' dir='ltr'>cum</span> <span class='ocrx_word' id='word_1_61' title='bbox 396 1553 486 1616; x_wconf 87' lang='lat' dir='ltr'><strong>simili</strong></span> <span class='ocrx_word' id='word_1_62' title='bbox 511 1551 685 1617; x_wconf 90' lang='lat' dir='ltr'>concambio</span> <span class='ocrx_word' id='word_1_63' title='bbox 703 1555 734 1614; x_wconf 89' lang='lat' dir='ltr'>et</span> <span class='ocrx_word' id='word_1_64' title='bbox 750 1550 947 1614; x_wconf 82' lang='lat' dir='ltr'>restitucione</span> <span class='ocrx_word' id='word_1_65' title='bbox 964 1546 1088 1612; x_wconf 90' lang='lat' dir='ltr'>alterius</span> <span class='ocrx_word' id='word_1_66' title='bbox 1105 1547 1247 1632; x_wconf 90' lang='lat' dir='ltr'>mancipii</span> 
     </span>
     <span class='ocr_line' id='line_1_11' title="bbox 58 1657 1245 1744; baseline -0.003 -22"><span class='ocrx_word' id='word_1_67' title='bbox 58 1661 167 1723; x_wconf 89' lang='lat' dir='ltr'>nomine</span> <span class='ocrx_word' id='word_1_68' title='bbox 178 1660 326 1725; x_wconf 87' lang='lat' dir='ltr'>Riohildis</span> <span class='ocrx_word' id='word_1_69' title='bbox 340 1681 355 1724; x_wconf 91' lang='lat' dir='ltr'>a</span> <span class='ocrx_word' id='word_1_70' title='bbox 367 1661 469 1744; x_wconf 87' lang='lat' dir='ltr'>priore</span> <span class='ocrx_word' id='word_1_71' title='bbox 483 1659 674 1742; x_wconf 82' lang='lat' dir='ltr'>delegatione</span> <span class='ocrx_word' id='word_1_72' title='bbox 684 1657 823 1722; x_wconf 88' lang='lat' dir='ltr'>redemit.</span> <span class='ocrx_word' id='word_1_73' title='bbox 842 1662 872 1721; x_wconf 91' lang='lat' dir='ltr'>et</span> <span class='ocrx_word' id='word_1_74' title='bbox 888 1657 1030 1720; x_wconf 89' lang='lat' dir='ltr'>restituit.</span> <span class='ocrx_word' id='word_1_75' title='bbox 1049 1662 1079 1718; x_wconf 85' lang='lat' dir='ltr'>et</span> <span class='ocrx_word' id='word_1_76' title='bbox 1095 1657 1125 1719; x_wconf 96' lang='lat' dir='ltr'>in</span> <span class='ocrx_word' id='word_1_77' title='bbox 1141 1675 1245 1720; x_wconf 90' lang='lat' dir='ltr'>manus</span> 
     </span>
     <span class='ocr_line' id='line_1_12' title="bbox 58 1763 1245 1856; baseline -0.002 -26"><span class='ocrx_word' id='word_1_78' title='bbox 58 1769 202 1832; x_wconf 91' lang='lat' dir='ltr'>cuiusdam</span> <span class='ocrx_word' id='word_1_79' title='bbox 219 1763 334 1833; x_wconf 79' lang='lat' dir='ltr'>nobilis</span> <span class='ocrx_word' id='word_1_80' title='bbox 349 1769 416 1833; x_wconf 80' lang='lat' dir='ltr'>uiri</span> <span class='ocrx_word' id='word_1_81' title='bbox 430 1769 600 1856; x_wconf 72' lang='lat' dir='ltr'>Peringerc&#39;</span> <span class='ocrx_word' id='word_1_82' title='bbox 614 1763 655 1832; x_wconf 81' lang='lat' dir='ltr'>dc</span> <span class='ocrx_word' id='word_1_83' title='bbox 669 1767 925 1855; x_wconf 76' lang='lat' dir='ltr'>miaelporndorf</span> <span class='ocrx_word' id='word_1_84' title='bbox 936 1767 1093 1828; x_wconf 89' lang='lat' dir='ltr'>cumomni</span> <span class='ocrx_word' id='word_1_85' title='bbox 1106 1763 1245 1828; x_wconf 85' lang='lat' dir='ltr'>libertate</span> 
     </span>
     <span class='ocr_line' id='line_1_13' title="bbox 57 1872 1245 1957; baseline -0.003 -19"><span class='ocrx_word' id='word_1_86' title='bbox 57 1877 165 1940; x_wconf 90' lang='lat' dir='ltr'>suimet.</span> <span class='ocrx_word' id='word_1_87' title='bbox 183 1896 219 1939; x_wconf 92' lang='lat' dir='ltr'>ea</span> <span class='ocrx_word' id='word_1_88' title='bbox 237 1877 409 1940; x_wconf 91' lang='lat' dir='ltr'>conditione</span> <span class='ocrx_word' id='word_1_89' title='bbox 425 1875 556 1939; x_wconf 82' lang='lat' dir='ltr'>tradidit.</span> <span class='ocrx_word' id='word_1_90' title='bbox 573 1881 607 1938; x_wconf 92' lang='lat' dir='ltr'>ut</span> <span class='ocrx_word' id='word_1_91' title='bbox 621 1877 648 1938; x_wconf 88' lang='lat' dir='ltr'>si</span> <span class='ocrx_word' id='word_1_92' title='bbox 664 1875 834 1938; x_wconf 86' lang='lat' dir='ltr'>libertatem</span> <span class='ocrx_word' id='word_1_93' title='bbox 851 1874 901 1938; x_wconf 93' lang='lat' dir='ltr'>uel</span> <span class='ocrx_word' id='word_1_94' title='bbox 918 1875 1155 1957; x_wconf 82' lang='lat' dir='ltr'>qualemcunque</span> <span class='ocrx_word' id='word_1_95' title='bbox 1169 1872 1245 1936; x_wconf 91' lang='lat' dir='ltr'>sub·</span> 
     </span>
     <span class='ocr_line' id='line_1_14' title="bbox 57 1981 1246 2066; baseline -0.002 -20"><span class='ocrx_word' id='word_1_96' title='bbox 57 1985 234 2066; x_wconf 87' lang='lat' dir='ltr'>iugationem</span> <span class='ocrx_word' id='word_1_97' title='bbox 252 1985 374 2048; x_wconf 90' lang='lat' dir='ltr'>alterius</span> <span class='ocrx_word' id='word_1_98' title='bbox 392 1983 593 2065; x_wconf 84' lang='lat' dir='ltr'>delegationis</span> <span class='ocrx_word' id='word_1_99' title='bbox 612 1985 750 2065; x_wconf 88' lang='lat' dir='ltr'>eligeret.</span> <span class='ocrx_word' id='word_1_100' title='bbox 769 2004 836 2046; x_wconf 92' lang='lat' dir='ltr'>cum</span> <span class='ocrx_word' id='word_1_101' title='bbox 850 1983 990 2045; x_wconf 90' lang='lat' dir='ltr'>libertate</span> <span class='ocrx_word' id='word_1_102' title='bbox 1002 1982 1116 2064; x_wconf 91' lang='lat' dir='ltr'>proprii</span> <span class='ocrx_word' id='word_1_103' title='bbox 1129 1981 1246 2044; x_wconf 85' lang='lat' dir='ltr'>arbitrii</span> 
     </span>
     <span class='ocr_line' id='line_1_15' title="bbox 57 2089 1245 2178; baseline -0.003 -22"><span class='ocrx_word' id='word_1_104' title='bbox 57 2099 296 2178; x_wconf 84' lang='lat' dir='ltr'>consequeretur.</span> <span class='ocrx_word' id='word_1_105' title='bbox 314 2092 460 2156; x_wconf 89' lang='lat' dir='ltr'>Parentes</span> <span class='ocrx_word' id='word_1_106' title='bbox 476 2093 576 2178; x_wconf 92' lang='lat' dir='ltr'>itaque</span> <span class='ocrx_word' id='word_1_107' title='bbox 592 2092 727 2157; x_wconf 92' lang='lat' dir='ltr'>eiusdem</span> <span class='ocrx_word' id='word_1_108' title='bbox 745 2093 884 2176; x_wconf 91' lang='lat' dir='ltr'>mancipii</span> <span class='ocrx_word' id='word_1_109' title='bbox 900 2091 974 2155; x_wconf 90' lang='lat' dir='ltr'>inito</span> <span class='ocrx_word' id='word_1_110' title='bbox 992 2090 1116 2154; x_wconf 88' lang='lat' dir='ltr'>oonsilio</span> <span class='ocrx_word' id='word_1_111' title='bbox 1134 2089 1245 2154; x_wconf 94' lang='lat' dir='ltr'>nullam</span> 
     </span>
     <span class='ocr_line' id='line_1_16' title="bbox 56 2197 1247 2286; baseline 0.001 -23"><span class='ocrx_word' id='word_1_112' title='bbox 56 2200 215 2264; x_wconf 80' lang='lat' dir='ltr'>libertatem</span> <span class='ocrx_word' id='word_1_113' title='bbox 231 2201 380 2285; x_wconf 90' lang='lat' dir='ltr'>potiorem</span> <span class='ocrx_word' id='word_1_114' title='bbox 402 2221 490 2286; x_wconf 93' lang='lat' dir='ltr'>quam</span> <span class='ocrx_word' id='word_1_115' title='bbox 507 2221 640 2266; x_wconf 89' lang='lat' dir='ltr'>censum.</span> <span class='ocrx_word' id='word_1_116' title='bbox 658 2201 693 2266; x_wconf 86' lang='lat' dir='ltr'>V.</span> <span class='ocrx_word' id='word_1_117' title='bbox 712 2203 900 2266; x_wconf 91' lang='lat' dir='ltr'>denariorum</span> <span class='ocrx_word' id='word_1_118' title='bbox 923 2217 993 2263; x_wconf 91' lang='lat' dir='ltr'>esse</span> <span class='ocrx_word' id='word_1_119' title='bbox 1016 2197 1163 2262; x_wconf 85' lang='lat' dir='ltr'>dixerunt.</span> <span class='ocrx_word' id='word_1_120' title='bbox 1186 2201 1247 2264; x_wconf 85' lang='lat' dir='ltr'>Pc-</span> 
     </span>
     <span class='ocr_line' id='line_1_17' title="bbox 56 2308 1245 2397; baseline -0.002 -25"><span class='ocrx_word' id='word_1_121' title='bbox 56 2309 271 2397; x_wconf 79' lang='lat' dir='ltr'>rinperumque</span> <span class='ocrx_word' id='word_1_122' title='bbox 298 2309 474 2374; x_wconf 87' lang='lat' dir='ltr'>traditorem</span> <span class='ocrx_word' id='word_1_123' title='bbox 503 2309 638 2374; x_wconf 90' lang='lat' dir='ltr'>eiusdem</span> <span class='ocrx_word' id='word_1_124' title='bbox 667 2311 806 2394; x_wconf 91' lang='lat' dir='ltr'>mancipii</span> <span class='ocrx_word' id='word_1_125' title='bbox 831 2312 1026 2390; x_wconf 88' lang='lat' dir='ltr'>rogauerunt.</span> <span class='ocrx_word' id='word_1_126' title='bbox 1055 2313 1088 2372; x_wconf 92' lang='lat' dir='ltr'>ut</span> <span class='ocrx_word' id='word_1_127' title='bbox 1109 2308 1188 2371; x_wconf 89' lang='lat' dir='ltr'>sicut</span> <span class='ocrx_word' id='word_1_128' title='bbox 1214 2308 1245 2370; x_wconf 96' lang='lat' dir='ltr'>in</span> 
     </span>
     <span class='ocr_line' id='line_1_18' title="bbox 56 2415 1246 2504; baseline 0.001 -26"><span class='ocrx_word' id='word_1_129' title='bbox 56 2437 150 2480; x_wconf 92' lang='lat' dir='ltr'>manus</span> <span class='ocrx_word' id='word_1_130' title='bbox 171 2440 244 2482; x_wconf 90' lang='lat' dir='ltr'>suas</span> <span class='ocrx_word' id='word_1_131' title='bbox 262 2417 402 2501; x_wconf 88' lang='lat' dir='ltr'>delegata</span> <span class='ocrx_word' id='word_1_132' title='bbox 419 2420 528 2483; x_wconf 90' lang='lat' dir='ltr'>fuerat.</span> <span class='ocrx_word' id='word_1_133' title='bbox 545 2419 587 2482; x_wconf 92' lang='lat' dir='ltr'>ita</span> <span class='ocrx_word' id='word_1_134' title='bbox 603 2439 668 2482; x_wconf 91' lang='lat' dir='ltr'>eam</span> <span class='ocrx_word' id='word_1_135' title='bbox 685 2439 777 2502; x_wconf 88' lang='lat' dir='ltr'>super</span> <span class='ocrx_word' id='word_1_136' title='bbox 793 2418 888 2482; x_wconf 88' lang='lat' dir='ltr'>altare</span> <span class='ocrx_word' id='word_1_137' title='bbox 906 2416 938 2480; x_wconf 88' lang='lat' dir='ltr'>S.</span> <span class='ocrx_word' id='word_1_138' title='bbox 957 2417 1050 2478; x_wconf 86' lang='lat' dir='ltr'>llario</span> <span class='ocrx_word' id='word_1_139' title='bbox 1065 2418 1190 2504; x_wconf 77' lang='lat' dir='ltr'>dotwip.</span> <span class='ocrx_word' id='word_1_140' title='bbox 1209 2415 1246 2480; x_wconf 89' lang='lat' dir='ltr'>ad</span> 
     </span>
     <span class='ocr_line' id='line_1_19' title="bbox 56 2524 1247 2609; baseline 0 -21"><span class='ocrx_word' id='word_1_141' title='bbox 56 2545 169 2590; x_wconf 89' lang='lat' dir='ltr'>censum</span> <span class='ocrx_word' id='word_1_142' title='bbox 195 2525 230 2590; x_wconf 89' lang='lat' dir='ltr'>V.</span> <span class='ocrx_word' id='word_1_143' title='bbox 257 2526 446 2590; x_wconf 91' lang='lat' dir='ltr'>denariorum</span> <span class='ocrx_word' id='word_1_144' title='bbox 471 2526 639 2609; x_wconf 84' lang='lat' dir='ltr'>delegaret.</span> <span class='ocrx_word' id='word_1_145' title='bbox 669 2527 753 2609; x_wconf 85' lang='lat' dir='ltr'>Quod</span> <span class='ocrx_word' id='word_1_146' title='bbox 778 2526 831 2590; x_wconf 92' lang='lat' dir='ltr'>ille</span> <span class='ocrx_word' id='word_1_147' title='bbox 854 2525 983 2589; x_wconf 81' lang='lat' dir='ltr'>fideliter</span> <span class='ocrx_word' id='word_1_148' title='bbox 1006 2524 1169 2607; x_wconf 91' lang='lat' dir='ltr'>compleuit</span> <span class='ocrx_word' id='word_1_149' title='bbox 1196 2524 1247 2588; x_wconf 88' lang='lat' dir='ltr'>tali</span> 
     </span>
     <span class='ocr_line' id='line_1_20' title="bbox 56 2633 1246 2720; baseline 0.001 -24"><span class='ocrx_word' id='word_1_150' title='bbox 56 2637 201 2718; x_wconf 91' lang='lat' dir='ltr'>compacta</span> <span class='ocrx_word' id='word_1_151' title='bbox 225 2633 400 2698; x_wconf 87' lang='lat' dir='ltr'>conditione</span> <span class='ocrx_word' id='word_1_152' title='bbox 425 2640 571 2720; x_wconf 90' lang='lat' dir='ltr'>quatenns</span> <span class='ocrx_word' id='word_1_153' title='bbox 594 2637 620 2698; x_wconf 91' lang='lat' dir='ltr'>si</span> <span class='ocrx_word' id='word_1_154' title='bbox 643 2635 741 2719; x_wconf 88' lang='lat' dir='ltr'>aliqua</span> <span class='ocrx_word' id='word_1_155' title='bbox 757 2639 920 2720; x_wconf 91' lang='lat' dir='ltr'>paupertas</span> <span class='ocrx_word' id='word_1_156' title='bbox 938 2633 986 2696; x_wconf 90' lang='lat' dir='ltr'>uel</span> <span class='ocrx_word' id='word_1_157' title='bbox 1004 2633 1128 2696; x_wconf 92' lang='lat' dir='ltr'>alicuius</span> <span class='ocrx_word' id='word_1_158' title='bbox 1146 2634 1246 2718; x_wconf 91' lang='lat' dir='ltr'>impe·</span> 
     </span>
     <span class='ocr_line' id='line_1_21' title="bbox 56 2729 1247 2826; baseline 0.001 -22"><span class='ocrx_word' id='word_1_159' title='bbox 56 2729 171 2805; x_wconf 90' lang='lat' dir='ltr'>dimenti</span> <span class='ocrx_word' id='word_1_160' title='bbox 196 2763 289 2806; x_wconf 89' lang='lat' dir='ltr'>causa</span> <span class='ocrx_word' id='word_1_161' title='bbox 312 2743 470 2826; x_wconf 89' lang='lat' dir='ltr'>prepedita</span> <span class='ocrx_word' id='word_1_162' title='bbox 488 2763 504 2806; x_wconf 94' lang='lat' dir='ltr'>a</span> <span class='ocrx_word' id='word_1_163' title='bbox 521 2764 615 2808; x_wconf 89' lang='lat' dir='ltr'>censu</span> <span class='ocrx_word' id='word_1_164' title='bbox 638 2749 831 2808; x_wconf 83' lang='lat' dir='ltr'>coerceretur</span> <span class='ocrx_word' id='word_1_165' title='bbox 854 2741 951 2805; x_wconf 92' lang='lat' dir='ltr'>saltim</span> <span class='ocrx_word' id='word_1_166' title='bbox 975 2743 1004 2805; x_wconf 93' lang='lat' dir='ltr'>in</span> <span class='ocrx_word' id='word_1_167' title='bbox 1020 2741 1058 2804; x_wconf 79' lang='lat' dir='ltr'>X?</span> <span class='ocrx_word' id='word_1_168' title='bbox 1075 2762 1152 2805; x_wconf 89' lang='lat' dir='ltr'>anno</span> <span class='ocrx_word' id='word_1_169' title='bbox 1174 2762 1247 2826; x_wconf 89' lang='lat' dir='ltr'>per-</span> 
     </span>
     <span class='ocr_line' id='line_1_22' title="bbox 56 2847 1245 2934; baseline 0.003 -24"><span class='ocrx_word' id='word_1_170' title='bbox 56 2847 191 2912; x_wconf 87' lang='lat' dir='ltr'>solueret.</span> <span class='ocrx_word' id='word_1_171' title='bbox 210 2851 304 2915; x_wconf 88' lang='lat' dir='ltr'>etsie</span> <span class='ocrx_word' id='word_1_172' title='bbox 322 2871 388 2914; x_wconf 90' lang='lat' dir='ltr'>cum</span> <span class='ocrx_word' id='word_1_173' title='bbox 406 2851 511 2915; x_wconf 90' lang='lat' dir='ltr'>eadem</span> <span class='ocrx_word' id='word_1_174' title='bbox 527 2851 666 2914; x_wconf 89' lang='lat' dir='ltr'>libertate</span> <span class='ocrx_word' id='word_1_175' title='bbox 683 2871 741 2934; x_wconf 90' lang='lat' dir='ltr'>qua</span> <span class='ocrx_word' id='word_1_176' title='bbox 759 2856 845 2915; x_wconf 89' lang='lat' dir='ltr'>antea</span> <span class='ocrx_word' id='word_1_177' title='bbox 863 2851 961 2914; x_wconf 84' lang='lat' dir='ltr'>fuerat</span> <span class='ocrx_word' id='word_1_178' title='bbox 976 2851 1165 2934; x_wconf 89' lang='lat' dir='ltr'>perduraret.</span> <span class='ocrx_word' id='word_1_179' title='bbox 1183 2850 1245 2914; x_wconf 90' lang='lat' dir='ltr'>llec</span> 
     </span>
     <span class='ocr_line' id='line_1_23' title="bbox 55 2956 1245 3044; baseline 0.003 -26"><span class='ocrx_word' id='word_1_180' title='bbox 55 2956 147 3040; x_wconf 87' lang='lat' dir='ltr'>itaque</span> <span class='ocrx_word' id='word_1_181' title='bbox 162 2963 196 3020; x_wconf 91' lang='lat' dir='ltr'>ut</span> <span class='ocrx_word' id='word_1_182' title='bbox 208 2963 275 3022; x_wconf 88' lang='lat' dir='ltr'>rata</span> <span class='ocrx_word' id='word_1_183' title='bbox 288 2962 319 3022; x_wconf 91' lang='lat' dir='ltr'>et</span> <span class='ocrx_word' id='word_1_184' title='bbox 331 2957 506 3023; x_wconf 91' lang='lat' dir='ltr'>inconuulsa</span> <span class='ocrx_word' id='word_1_185' title='bbox 518 2965 715 3044; x_wconf 90' lang='lat' dir='ltr'>permaneant</span> <span class='ocrx_word' id='word_1_186' title='bbox 730 2961 931 3024; x_wconf 90' lang='lat' dir='ltr'>testimonium</span> <span class='ocrx_word' id='word_1_187' title='bbox 948 2959 1080 3022; x_wconf 87' lang='lat' dir='ltr'>fidelium</span> <span class='ocrx_word' id='word_1_188' title='bbox 1096 2958 1245 3023; x_wconf 90' lang='lat' dir='ltr'>hominum</span> 
     </span>
     <span class='ocr_line' id='line_1_24' title="bbox 54 3063 1247 3156; baseline 0.006 -30"><span class='ocrx_word' id='word_1_189' title='bbox 54 3063 240 3129; x_wconf 82' lang='lat' dir='ltr'>adtraximus.</span> <span class='ocrx_word' id='word_1_190' title='bbox 258 3067 357 3131; x_wconf 91' lang='lat' dir='ltr'>Primo</span> <span class='ocrx_word' id='word_1_191' title='bbox 375 3068 537 3151; x_wconf 91' lang='lat' dir='ltr'>prescripti</span> <span class='ocrx_word' id='word_1_192' title='bbox 553 3069 723 3156; x_wconf 79' lang='lat' dir='ltr'>Perinperi</span> <span class='ocrx_word' id='word_1_193' title='bbox 737 3069 777 3132; x_wconf 86' lang='lat' dir='ltr'>de</span> <span class='ocrx_word' id='word_1_194' title='bbox 791 3068 1049 3154; x_wconf 75' lang='lat' dir='ltr'>miaelporndorf</span> <span class='ocrx_word' id='word_1_195' title='bbox 1060 3069 1192 3132; x_wconf 82' lang='lat' dir='ltr'>Geroldi</span> <span class='ocrx_word' id='word_1_196' title='bbox 1206 3069 1247 3133; x_wconf 81' lang='lat' dir='ltr'>de</span> 
     </span>
     <span class='ocr_line' id='line_1_25' title="bbox 54 3153 1246 3264; baseline 0.003 -28"><span class='ocrx_word' id='word_1_197' title='bbox 54 3174 244 3260; x_wconf 68' lang='lat' dir='ltr'>clcdcndorf.</span> <span class='ocrx_word' id='word_1_198' title='bbox 279 3176 445 3241; x_wconf 73' lang='lat' dir='ltr'>cuonrado·</span> <span class='ocrx_word' id='word_1_199' title='bbox 475 3177 583 3264; x_wconf 81' lang='lat' dir='ltr'>patria</span> <span class='ocrx_word' id='word_1_200' title='bbox 614 3179 753 3243; x_wconf 81' lang='lat' dir='ltr'>ciusdem</span> <span class='ocrx_word' id='word_1_201' title='bbox 780 3177 958 3242; x_wconf 82' lang='lat' dir='ltr'>Motdildr‘o.</span> <span class='ocrx_word' id='word_1_202' title='bbox 990 3153 1185 3242; x_wconf 69' lang='lat' dir='ltr'>(idololatria</span> <span class='ocrx_word' id='word_1_203' title='bbox 1215 3182 1246 3241; x_wconf 88' lang='lat' dir='ltr'>et</span> 
     </span>
     <span class='ocr_line' id='line_1_26' title="bbox 53 3280 1247 3372; baseline 0.005 -28"><span class='ocrx_word' id='word_1_204' title='bbox 53 3280 172 3368; x_wconf 76' lang='lat' dir='ltr'>liudolfi</span> <span class='ocrx_word' id='word_1_205' title='bbox 186 3285 228 3348; x_wconf 82' lang='lat' dir='ltr'>de</span> <span class='ocrx_word' id='word_1_206' title='bbox 244 3284 502 3368; x_wconf 83' lang='lat' dir='ltr'>mnnecdedofen.</span> <span class='ocrx_word' id='word_1_207' title='bbox 528 3285 751 3351; x_wconf 80' lang='lat' dir='ltr'>Marcdwarda‘</span> <span class='ocrx_word' id='word_1_208' title='bbox 771 3289 801 3347; x_wconf 93' lang='lat' dir='ltr'>et</span> <span class='ocrx_word' id='word_1_209' title='bbox 820 3286 936 3370; x_wconf 81' lang='lat' dir='ltr'>fratris</span> <span class='ocrx_word' id='word_1_210' title='bbox 953 3286 1020 3350; x_wconf 85' lang='lat' dir='ltr'>cina</span> <span class='ocrx_word' id='word_1_211' title='bbox 1036 3286 1199 3372; x_wconf 70' lang='lat' dir='ltr'>corporali.</span> <span class='ocrx_word' id='word_1_212' title='bbox 1217 3292 1247 3350; x_wconf 90' lang='lat' dir='ltr'>et</span> 
     </span>
     <span class='ocr_line' id='line_1_27' title="bbox 53 3387 1248 3478; baseline 0.006 -25"><span class='ocrx_word' id='word_1_213' title='bbox 53 3387 241 3476; x_wconf 75' lang='lat' dir='ltr'>Sigibotom&#39;a</span> <span class='ocrx_word' id='word_1_214' title='bbox 253 3393 292 3455; x_wconf 83' lang='lat' dir='ltr'>dc</span> <span class='ocrx_word' id='word_1_215' title='bbox 304 3393 501 3458; x_wconf 74' lang='lat' dir='ltr'>oberndolze.</span> <span class='ocrx_word' id='word_1_216' title='bbox 517 3394 738 3459; x_wconf 82' lang='lat' dir='ltr'>Marcdwordi</span> <span class='ocrx_word' id='word_1_217' title='bbox 748 3396 788 3459; x_wconf 86' lang='lat' dir='ltr'>de</span> <span class='ocrx_word' id='word_1_218' title='bbox 800 3391 1009 3478; x_wconf 80' lang='lat' dir='ltr'>frdwendorf.</span> <span class='ocrx_word' id='word_1_219' title='bbox 1026 3395 1248 3460; x_wconf 84' lang='lat' dir='ltr'>Marcdwarda&#39;</span> 
     </span>
     <span class='ocr_line' id='line_1_28' title="bbox 49 3498 1244 3568; baseline 0.006 -8"><span class='ocrx_word' id='word_1_220' title='bbox 49 3498 85 3561; x_wconf 84' lang='lat' dir='ltr'>de</span> <span class='ocrx_word' id='word_1_221' title='bbox 106 3501 190 3564; x_wconf 83' lang='lat' dir='ltr'>wisc.</span> <span class='ocrx_word' id='word_1_222' title='bbox 214 3501 389 3566; x_wconf 83' lang='lat' dir='ltr'>Hoderoim&#39;</span> <span class='ocrx_word' id='word_1_223' title='bbox 409 3502 449 3566; x_wconf 85' lang='lat' dir='ltr'>de</span> <span class='ocrx_word' id='word_1_224' title='bbox 472 3505 608 3566; x_wconf 85' lang='lat' dir='ltr'>elsaren.</span> <span class='ocrx_word' id='word_1_225' title='bbox 638 3502 733 3565; x_wconf 91' lang='lat' dir='ltr'>Porro</span> <span class='ocrx_word' id='word_1_226' title='bbox 756 3502 808 3565; x_wconf 90' lang='lat' dir='ltr'>lilii</span> <span class='ocrx_word' id='word_1_227' title='bbox 831 3501 967 3565; x_wconf 89' lang='lat' dir='ltr'>eiusdem</span> <span class='ocrx_word' id='word_1_228' title='bbox 989 3502 1142 3566; x_wconf 86' lang='lat' dir='ltr'>lllathildis</span> <span class='ocrx_word' id='word_1_229' title='bbox 1165 3509 1244 3568; x_wconf 88' lang='lat' dir='ltr'>sunt.</span> 
     </span>
     <span class='ocr_line' id='line_1_29' title="bbox 52 3603 1245 3692; baseline 0.006 -25"><span class='ocrx_word' id='word_1_230' title='bbox 52 3603 214 3671; x_wconf 88' lang='lat' dir='ltr'>Heinricus.</span> <span class='ocrx_word' id='word_1_231' title='bbox 233 3605 422 3673; x_wconf 81' lang='lat' dir='ltr'>Chimradus.</span> <span class='ocrx_word' id='word_1_232' title='bbox 446 3609 650 3674; x_wconf 84' lang='lat' dir='ltr'>Eberhardus.</span> <span class='ocrx_word' id='word_1_233' title='bbox 675 3609 850 3692; x_wconf 87' lang='lat' dir='ltr'>Sigifridus.</span> <span class='ocrx_word' id='word_1_234' title='bbox 875 3610 1057 3692; x_wconf 88' lang='lat' dir='ltr'>Piligrimns.</span> <span class='ocrx_word' id='word_1_235' title='bbox 1080 3611 1245 3676; x_wconf 89' lang='lat' dir='ltr'>Hadewioh</span> 
     </span>
     <span class='ocr_line' id='line_1_30' title="bbox 52 3715 1244 3784; baseline 0.008 -9"><span class='ocrx_word' id='word_1_236' title='bbox 52 3719 79 3776; x_wconf 90' lang='lat' dir='ltr'>et</span> <span class='ocrx_word' id='word_1_237' title='bbox 94 3715 145 3780; x_wconf 84' lang='lat' dir='ltr'>nni</span> <span class='ocrx_word' id='word_1_238' title='bbox 164 3717 231 3780; x_wconf 90' lang='lat' dir='ltr'>eius</span> <span class='ocrx_word' id='word_1_239' title='bbox 254 3717 373 3781; x_wconf 78' lang='lat' dir='ltr'>Ernest.</span> <span class='ocrx_word' id='word_1_240' title='bbox 397 3717 533 3783; x_wconf 85' lang='lat' dir='ltr'>Mathild.</span> <span class='ocrx_word' id='word_1_241' title='bbox 558 3717 776 3783; x_wconf 92' lang='lat' dir='ltr'>Nichilominos</span> <span class='ocrx_word' id='word_1_242' title='bbox 799 3718 834 3782; x_wconf 92' lang='lat' dir='ltr'>ad</span> <span class='ocrx_word' id='word_1_243' title='bbox 859 3738 983 3781; x_wconf 89' lang='lat' dir='ltr'>censum</span> <span class='ocrx_word' id='word_1_244' title='bbox 1000 3719 1033 3783; x_wconf 87' lang='lat' dir='ltr'>V.</span> <span class='ocrx_word' id='word_1_245' title='bbox 1053 3720 1244 3784; x_wconf 91' lang='lat' dir='ltr'>denariorum</span> 
     </span>
     <span class='ocr_line' id='line_1_31' title="bbox 52 3822 575 3909; baseline 0.01 -25"><span class='ocrx_word' id='word_1_246' title='bbox 52 3822 104 3907; x_wconf 91' lang='lat' dir='ltr'>ipsi</span> <span class='ocrx_word' id='word_1_247' title='bbox 119 3829 149 3889; x_wconf 87' lang='lat' dir='ltr'>et</span> <span class='ocrx_word' id='word_1_248' title='bbox 165 3826 265 3888; x_wconf 91' lang='lat' dir='ltr'>omnis</span> <span class='ocrx_word' id='word_1_249' title='bbox 280 3826 444 3909; x_wconf 86' lang='lat' dir='ltr'>posteritas</span> <span class='ocrx_word' id='word_1_250' title='bbox 461 3845 575 3892; x_wconf 87' lang='lat' dir='ltr'>eorum.</span> 
     </span>
    </p>
   </div>
   <div class='ocr_carea' id='block_1_5' title="bbox 549 3995 745 4066">
    <p class='ocr_par' dir='ltr' id='par_1_5' title="bbox 549 3995 745 4066">
     <span class='ocr_line' id='line_1_32' title="bbox 549 3995 745 4066; baseline 0.015 -4"><span class='ocrx_word' id='word_1_251' title='bbox 549 4056 551 4062; x_wconf 91' lang='lat'>.</span> <span class='ocrx_word' id='word_1_252' title='bbox 564 3995 745 4066; x_wconf 80' lang='lat' dir='ltr'>CCLXCV.</span> 
     </span>
    </p>
   </div>
   <div class='ocr_carea' id='block_1_6' title="bbox 17 4132 1314 4658">
    <p class='ocr_par' dir='ltr' id='par_1_6' title="bbox 17 4132 1314 4658">
     <span class='ocr_line' id='line_1_33' title="bbox 133 4132 1245 4218; baseline 0.002 -22"><span class='ocrx_word' id='word_1_253' title='bbox 133 4132 244 4198; x_wconf 88' lang='lat' dir='ltr'>Notum</span> <span class='ocrx_word' id='word_1_254' title='bbox 261 4135 302 4197; x_wconf 89' lang='lat' dir='ltr'>sit</span> <span class='ocrx_word' id='word_1_255' title='bbox 318 4137 432 4198; x_wconf 84' lang='lat' dir='ltr'>cunctis</span> <span class='ocrx_word' id='word_1_256' title='bbox 446 4133 560 4199; x_wconf 82' lang='lat' dir='ltr'>Christi</span> <span class='ocrx_word' id='word_1_257' title='bbox 576 4135 723 4217; x_wconf 87' lang='lat' dir='ltr'>sanguine</span> <span class='ocrx_word' id='word_1_258' title='bbox 739 4134 905 4218; x_wconf 86' lang='lat' dir='ltr'>redemptis</span> <span class='ocrx_word' id='word_1_259' title='bbox 922 4139 982 4197; x_wconf 92' lang='lat' dir='ltr'>tam</span> <span class='ocrx_word' id='word_1_260' title='bbox 998 4137 1151 4218; x_wconf 90' lang='lat' dir='ltr'>presentis</span> <span class='ocrx_word' id='word_1_261' title='bbox 1166 4140 1245 4199; x_wconf 91' lang='lat' dir='ltr'>tem-</span> 
     </span>
     <span class='ocr_line' id='line_1_34' title="bbox 51 4240 1247 4332; baseline 0.008 -31"><span class='ocrx_word' id='word_1_262' title='bbox 51 4240 128 4318; x_wconf 85' lang='lat' dir='ltr'>poris</span> <span class='ocrx_word' id='word_1_263' title='bbox 140 4261 231 4325; x_wconf 92' lang='lat' dir='ltr'>qnam</span> <span class='ocrx_word' id='word_1_264' title='bbox 243 4241 343 4306; x_wconf 80' lang='lat' dir='ltr'>future</span> <span class='ocrx_word' id='word_1_265' title='bbox 356 4247 561 4310; x_wconf 87' lang='lat' dir='ltr'>successionis</span> <span class='ocrx_word' id='word_1_266' title='bbox 574 4248 655 4308; x_wconf 87' lang='lat' dir='ltr'>etate</span> <span class='ocrx_word' id='word_1_267' title='bbox 669 4245 799 4330; x_wconf 87' lang='lat' dir='ltr'>qualiter</span> <span class='ocrx_word' id='word_1_268' title='bbox 808 4243 927 4328; x_wconf 92' lang='lat' dir='ltr'>quidam</span> <span class='ocrx_word' id='word_1_269' title='bbox 939 4245 1090 4310; x_wconf 79' lang='lat' dir='ltr'>urbanus.</span> <span class='ocrx_word' id='word_1_270' title='bbox 1101 4246 1141 4311; x_wconf 92' lang='lat' dir='ltr'>N.</span> <span class='ocrx_word' id='word_1_271' title='bbox 1157 4245 1247 4332; x_wconf 69' lang='lat' dir='ltr'>luipo</span> 
     </span>
     <span class='ocr_line' id='line_1_35' title="bbox 17 4346 1244 4418; baseline 0 -2"><span class='ocrx_word' id='word_1_272' title='bbox 17 4405 18 4416; x_wconf 71' lang='lat'>.</span> <span class='ocrx_word' id='word_1_273' title='bbox 51 4346 87 4409; x_wconf 80' lang='lat' dir='ltr'>dc</span> <span class='ocrx_word' id='word_1_274' title='bbox 101 4351 249 4415; x_wconf 81' lang='lat' dir='ltr'>eremisic</span> <span class='ocrx_word' id='word_1_275' title='bbox 273 4351 432 4417; x_wconf 90' lang='lat' dir='ltr'>donauerit</span> <span class='ocrx_word' id='word_1_276' title='bbox 453 4358 557 4418; x_wconf 88' lang='lat' dir='ltr'>sancte</span> <span class='ocrx_word' id='word_1_277' title='bbox 574 4354 670 4418; x_wconf 89' lang='lat' dir='ltr'>Marie</span> <span class='ocrx_word' id='word_1_278' title='bbox 688 4359 718 4417; x_wconf 87' lang='lat' dir='ltr'>et</span> <span class='ocrx_word' id='word_1_279' title='bbox 735 4352 877 4418; x_wconf 86' lang='lat' dir='ltr'>fratribus</span> <span class='ocrx_word' id='word_1_280' title='bbox 895 4357 924 4416; x_wconf 95' lang='lat' dir='ltr'>in</span> <span class='ocrx_word' id='word_1_281' title='bbox 941 4355 1000 4417; x_wconf 89' lang='lat' dir='ltr'>hoc</span> <span class='ocrx_word' id='word_1_282' title='bbox 1017 4354 1083 4417; x_wconf 90' lang='lat' dir='ltr'>looo</span> <span class='ocrx_word' id='word_1_283' title='bbox 1101 4353 1157 4418; x_wconf 90' lang='lat' dir='ltr'>deo</span> <span class='ocrx_word' id='word_1_284' title='bbox 1176 4375 1244 4418; x_wconf 91' lang='lat' dir='ltr'>ser-</span> 
     </span>
     <span class='ocr_line' id='line_1_36' title="bbox 49 4454 1245 4546; baseline 0.008 -30"><span class='ocrx_word' id='word_1_285' title='bbox 49 4454 194 4520; x_wconf 89' lang='lat' dir='ltr'>uientibus</span> <span class='ocrx_word' id='word_1_286' title='bbox 211 4477 290 4522; x_wconf 87' lang='lat' dir='ltr'>nunc</span> <span class='ocrx_word' id='word_1_287' title='bbox 307 4464 338 4522; x_wconf 85' lang='lat' dir='ltr'>ei</span> <span class='ocrx_word' id='word_1_288' title='bbox 353 4461 509 4546; x_wconf 85' lang='lat' dir='ltr'>deinceps.</span> <span class='ocrx_word' id='word_1_289' title='bbox 529 4483 583 4546; x_wconf 93' lang='lat' dir='ltr'>pro</span> <span class='ocrx_word' id='word_1_290' title='bbox 600 4461 733 4525; x_wconf 92' lang='lat' dir='ltr'>remedio</span> <span class='ocrx_word' id='word_1_291' title='bbox 750 4461 848 4526; x_wconf 88' lang='lat' dir='ltr'>anime</span> <span class='ocrx_word' id='word_1_292' title='bbox 865 4482 920 4526; x_wconf 91' lang='lat' dir='ltr'>sue</span> <span class='ocrx_word' id='word_1_293' title='bbox 938 4470 968 4524; x_wconf 85' lang='lat' dir='ltr'>et</span> <span class='ocrx_word' id='word_1_294' title='bbox 985 4463 1113 4525; x_wconf 92' lang='lat' dir='ltr'>omnium</span> <span class='ocrx_word' id='word_1_295' title='bbox 1132 4483 1245 4546; x_wconf 90' lang='lat' dir='ltr'>paren-</span> 
     </span>
     <span class='ocr_line' id='line_1_37' title="bbox 49 4565 1314 4658; baseline 0.011 -35"><span class='ocrx_word' id='word_1_296' title='bbox 49 4565 105 4626; x_wconf 88' lang='lat' dir='ltr'>tum</span> <span class='ocrx_word' id='word_1_297' title='bbox 131 4585 265 4630; x_wconf 89' lang='lat' dir='ltr'>suorum.</span> <span class='ocrx_word' id='word_1_298' title='bbox 295 4572 326 4630; x_wconf 88' lang='lat' dir='ltr'>et</span> <span class='ocrx_word' id='word_1_299' title='bbox 354 4588 443 4632; x_wconf 90' lang='lat' dir='ltr'>causa</span> <span class='ocrx_word' id='word_1_300' title='bbox 467 4571 535 4656; x_wconf 74' lang='lat' dir='ltr'>filie</span> <span class='ocrx_word' id='word_1_301' title='bbox 561 4593 618 4636; x_wconf 81' lang='lat' dir='ltr'>ecc</span> <span class='ocrx_word' id='word_1_302' title='bbox 643 4571 840 4636; x_wconf 82' lang='lat' dir='ltr'>Hodellonitd</span> <span class='ocrx_word' id='word_1_303' title='bbox 868 4592 963 4658; x_wconf 84' lang='lat' dir='ltr'>quum</span> <span class='ocrx_word' id='word_1_304' title='bbox 988 4571 1100 4636; x_wconf 77' lang='lat' dir='ltr'>eodem</span> <span class='ocrx_word' id='word_1_305' title='bbox 1127 4571 1180 4636; x_wconf 83' lang='lat' dir='ltr'>die</span> <span class='ocrx_word' id='word_1_306' title='bbox 1213 4572 1248 4636; x_wconf 82' lang='lat' dir='ltr'>in</span> <span class='ocrx_word' id='word_1_307' title='bbox 1304 4607 1314 4620; x_wconf 84' lang='lat'><strong>·</strong></span> 
     </span>
    </p>
   </div>
   <div class='ocr_carea' id='block_1_7' title="bbox 0 0 1566 5096">
    <p class='ocr_par' dir='ltr' id='par_1_7' title="bbox 0 0 1566 5096">
     <span class='ocr_line' id='line_1_38' title="bbox 0 0 1566 5096; baseline 0 0"><span class='ocrx_word' id='word_1_308' title='bbox 0 0 1566 5096; x_wconf 95' lang='lat' dir='ltr'> </span> 
     </span>
    </p>
   </div>
  </div>
 </body>
</html>
