3094 5094
258 364 333 436 loo

252 540 480 616 Bibliothecam,
503 538 661 604 abbatiam
677 540 842 624 antiquam,
866 539 1010 607 vinariam
1028 541 1152 615 uellam,
1175 541 1295 626 aliaque
1312 539 1449 605 aedificia

254 648 458 715 cohaerentia.
498 648 602 731 ltaque
630 647 704 712 Sac:
728 646 826 714 Caes:
851 647 993 728 Majestas
1020 650 1058 714 ad
1085 650 1344 736 contemplandam
1373 649 1449 714 banc

253 759 429 823 Monasterii
457 756 658 820 miserabilem
687 761 839 839 stragem,
868 757 1060 822 consiliarios
1087 765 1118 822 et
1142 760 1330 828 architectos
1358 759 1449 832 misit,

253 868 303 952 qui
319 867 451 932 incendii
468 867 572 930 damna
590 870 620 929 et
636 867 737 937 ruinas
754 866 791 930 ad
808 867 899 930 multa
912 865 1005 930 millia
1029 867 1212 934 florenorum
1236 865 1448 940 aestimabant,

254 995 366 1061 easque
381 975 430 1039 rix
446 974 537 1058 longo
554 982 690 1058 tempore
707 995 800 1059 posse
824 975 960 1040 construi
981 976 1158 1039 retulerunt.
1190 975 1328 1043 Fauente
1349 979 1447 1039 tamen

252 1083 351 1150 diuina
382 1083 478 1166 gratia
509 1083 590 1148 idem
621 1085 755 1168 prefatus
787 1083 924 1148 dominus
955 1083 1057 1147 Abbas
1087 1084 1230 1150 Micbocl
1250 1085 1354 1148 statim
1379 1086 1450 1168 post

252 1193 411 1258 restinctas
444 1192 576 1255 ilammas
605 1211 680 1275 opus
712 1193 903 1256 restaurandi
928 1192 1048 1276 coepit,
1076 1196 1165 1277 atque
1186 1191 1316 1256 triennio
1341 1191 1449 1256 subsc·
1534 1189 1539 1194 ’

253 1301 354 1385 quenti
371 1300 467 1364 omnia
481 1299 634 1363 conclavia
650 1297 790 1384 (praeter
805 1300 950 1383 grandius
963 1301 1106 1372 Phanum,
1124 1300 1203 1386 quod
1219 1304 1320 1364 tamen
1336 1305 1449 1364 santum

252 1414 364 1475 lectum
382 1408 513 1495 curauit)
538 1409 577 1472 ita
599 1411 641 1472 uti
664 1429 741 1474 nunc
765 1411 873 1493 partim
898 1411 1029 1474 firmiore
1051 1413 1081 1472 et
1102 1409 1243 1492 politiore
1259 1411 1357 1472 forma
1375 1428 1448 1472 con-

252 1520 433 1603 spiciuntur,
458 1517 615 1589 exstruxit,
640 1521 811 1602 tantamque
827 1517 1033 1582 aedificiorum
1050 1516 1174 1586 molem,
1199 1515 1278 1599 quod
1294 1517 1403 1579 mirum
1421 1521 1451 1580 ct

251 1647 364 1690 summa
380 1626 470 1690 laude
487 1625 607 1708 dignum
624 1631 687 1700 cst,
710 1629 778 1710 pius
795 1627 845 1690 illc
861 1626 969 1690 Presul
989 1629 1055 1690 sine
1077 1625 1136 1690 ulla
1154 1625 1311 1689 exactione
1328 1629 1360 1688 et
1375 1644 1448 1706 gra-

252 1737 370 1803 uaminc
386 1735 583 1807 subditorum,
608 1736 665 1800 alia
683 1737 788 1819 quauis
806 1735 1043 1810 contributione,
1068 1736 1199 1818 propriis
1217 1733 1325 1798 saltem
1344 1755 1449 1820 sump-

252 1844 332 1910 tibus
349 1848 379 1908 ct
397 1844 562 1926 impenssia
582 1845 774 1908 restaurauii.
808 1844 866 1926 Qui
891 1843 959 1906 dum
983 1863 1095 1908 summa
1114 1863 1181 1908 cum
1198 1843 1287 1906 laude
1304 1847 1450 1926 regnaret

252 1955 352 2016 Annos
368 1954 431 2016 XL.
446 1953 567 2016 Menses
585 1952 632 2016 Ill.
650 1952 716 2016 dies
732 1952 807 2016 XVI.
822 1949 981 2022 (resignavit
992 1949 1067 2004 A⁰ss⁰
1083 1947 1450 2031 16⁰4·12·Sepi·)magno

257 2081 395 2125 moerore
431 2065 461 2123 et
492 2059 575 2126 luctu
606 2062 769 2126 vicinorum
801 2061 1026 2138 Praelatonum,
1055 2060 1226 2132 Beronum,
1265 2060 1450 2135 Nobilitatis,

253 2172 371 2243 civium,
397 2155 564 2234 alsuanum
581 2169 767 2234 subditorum
783 2171 867 2234 Anno
892 2219 899 2236 .
925 2219 932 2236 .
958 2219 965 2234 .
991 2219 998 2234 .
1024 2169 1081 2234 Die
1106 2215 1114 2233 .
1140 2217 1148 2234 .
1174 2217 1181 2232 .
1208 2213 1216 2230 .
1241 2168 1350 2233 Mense
1376 2220 1383 2234 .
1410 2220 1450 2234 ..

252 2279 372 2364 placide
394 2281 454 2344 vita
478 2279 599 2343 functus
627 2285 683 2344 est,
710 2276 797 2349 (Obiit
819 2277 898 2334 1609.
924 2278 968 2332 2³.
986 2273 1097 2345 Martii.)
1128 2275 1286 2348 (llncusque
1306 2273 1451 2344 catalogus

251 2396 382 2450 Abbatum
404 2393 620 2450 Gottwicensium
639 2395 665 2448 in
684 2395 814 2467 prioribus
833 2394 903 2448 foliis
922 2393 1027 2449 Codicis
1047 2393 1228 2448 'stadilianum
1244 2392 1275 2446 Α.
1290 2393 1384 2446 seculo
1397 2394 1451 2448 XV.

251 2493 381 2550 conscribi
395 2497 522 2570 coeptus,
541 2495 706 2566 postmodum
719 2496 751 2550 ab
764 2493 822 2548 aliis
836 2494 939 2551 coaevis
953 2492 1147 2566 continuatus).
