3074 5094
1191 417 1268 488 325

72 569 297 652 spismagister‚
322 573 477 636 Ernestoe
497 574 628 645 institor,
652 575 833 660 Leopoldue
853 574 1063 659 pithittorfcr,
1089 577 1270 660 Leupulduo

71 678 111 740 de
136 680 407 764 funsebpriebcn,
450 681 638 746 Ohunrudno
658 682 819 756 Vrbetscb,
862 683 991 766 Tgemo,
1032 682 1104 746 Otto
1132 683 1269 758 Snetael,

69 786 259 852 Fridero‘cus
282 787 320 850 de
340 788 572 872 Chritaendorf,
600 791 720 854 Vtricoc
742 789 780 852 de
801 791 1041 873 Cbrptcendorf,
1068 788 1267 876 Weiponduo,

75 895 292 960 Wernlrordns
328 896 489 980 scopon,
535 899 719 967 Frideriene
750 899 940 968 Hoetstoeb‚
986 899 1081 962 Cbclo
1111 897 1270 970 Officialis,

75 1002 254 1067 Waltberne
283 1005 455 1076 vitriarius,
487 1007 658 1071 Helorinus
681 1008 718 1070 de
745 1009 816 1078 Orc,
845 1007 960 1072 Albero
988 1007 1026 1070 de
1051 1013 1160 1070 sancto
1191 1009 1269 1078 Ioco,

68 1111 260 1176 Fridero‘eoe
278 1117 349 1175 tunc
374 1112 495 1180 Notaris
515 1114 630 1176 Cinium
649 1113 891 1184 Wiennensium
916 1119 947 1178 et
971 1114 1019 1178 alii
1043 1135 1130 1198 qnam
1153 1116 1266 1196 plures.

67 1220 147 1281 Aeta
170 1226 240 1280 sunt
262 1219 321 1281 hec
338 1240 413 1281 anno
434 1219 544 1282 domini
560 1221 600 1282 M.
619 1221 678 1284 CC.
691 1221 829 1284 Lxxvr.

146 1324 199 1377 Das
227 1341 259 1376 an
286 1326 334 1377 der
360 1325 487 1378 Urlrunde
514 1326 653 1394 hangende
677 1314 748 1380 sehr*
765 1329 812 1397 gut
837 1327 998 1380 conservirte
1025 1326 1152 1397 (tltesle)
1177 1327 1267 1398 Siegel

67 1415 119 1466 der
141 1414 249 1467 Wiener
261 1415 365 1484 Bttrger
384 1416 419 1470 ist
437 1432 522 1484 genau
541 1435 581 1478 so,
598 1416 650 1474 ,wie
670 1433 699 1470 es
712 1417 743 1471 D.
756 1417 862 1470 Eduard
884 1417 965 1488 Melly
979 1417 1004 1468 in
1022 1417 1113 1470 seinen
1127 1417 1269 1486 Britrigen

65 1522 116 1557 zur
138 1505 317 1574 Siegellmnde
346 1505 392 1558 des
412 1507 578 1558 blittelalters
605 1507 697 1576 (Wien
720 1507 800 1568 1846,
819 1506 837 1561 l.
859 1507 945 1568 Theih
967 1507 1041 1559 Seite
1062 1507 1096 1560 59
1112 1539 1143 1547 -—
1159 1507 1194 1560 60
1215 1509 1269 1560 und

66 1595 150 1648 Tafel
170 1595 208 1665 ll)
229 1595 402 1649 beschrieben
421 1596 474 1648 und
494 1595 647 1666 abgebildet
666 1598 719 1651 hat.
1217 1608 1220 1618 ·

536 1827 537 1830 ’
615 1811 710 1881 LVll.

60 1983 140 2040 12⁷7.
158 1982 199 2040 12.
216 1982 373 2040 butember.
394 1983 542 2056 uottneig.
562 2014 597 2024 —
616 1985 668 2038 Abt
681 1985 823 2044 Helmwioh
846 1985 953 2038 balehnl
966 1985 1009 2040 die
1022 1984 1123 2038 Brtider
1143 1982 1268 2040 Colmann
1314 2017 1316 2020 ·

61 2074 121 2126 und
153 2073 273 2126 Andreas
305 2092 354 2126 von
374 2075 517 2144 Egenburg
542 2075 589 2128 mit
608 2074 667 2128 dem
698 2075 862 2130 theilweisen
895 2077 1185 2146 Zebentbezugsrechte
1212 2091 1270 2128 vom

480 2165 620 2218 Stiftshole
640 2165 666 2218 in
687 2167 854 2222 Pfallendorf.

605 2265 740 2325 [Originae]

162 2418 225 2482 Nus
254 2418 437 2482 Helnooieus
464 2418 565 2481 diuina
594 2420 787 2482 miseratione
816 2417 917 2481 Abhas
944 2417 1087 2482 Ecclesia
1115 2415 1268 2480 Chotewi-

68 2529 176 2591 censis
193 2528 275 2588 scire
288 2525 424 2588 volumus
441 2526 595 2609 quoslibet
613 2527 804 2609 presencium
827 2527 1027 2609 inspectores,
1052 2527 1131 2610 quod
1149 2526 1268 2590 dilectis

68 2635 194 2700 deuotis
211 2636 322 2698 nostris
345 2635 558 2699 Obolomonno
581 2639 612 2696 et
628 2636 756 2699 Andrec
780 2635 921 2698 fratribus
945 2634 983 2696 de
1006 2636 1197 2722 Epenburpa
1225 2636 1272 2696 ius

69 2744 204 2814 decime,
235 2741 315 2826 quod
342 2743 417 2825 ipsis
442 2745 471 2805 in
490 2743 579 2806 Curia
597 2749 699 2806 nostra
723 2744 760 2806 de
787 2744 1002 2830 Pboffendorf
1019 2744 1162 2826 competit
1181 2748 1211 2806 et
1234 2741 1271 2805 ab

70 2853 199 2934 antiquo
218 2850 419 2934 competebat,
444 2872 499 2936 pro
523 2871 644 2914 suorum
662 2851 813 2930 exigentia
835 2852 1011 2914 meritorum
1028 2853 1273 2931 recognouimus,

67 2963 223 3045 ipsosque
239 2959 486 3042 inpheodauimns
504 2959 542 3022 de
556 2959 672 3022 eodem.
696 2959 751 3029 Est
768 2967 864 3023 autem
881 2959 935 3022 Jus
951 2960 1021 3032 tale,
1046 2958 1126 3042 quod
1145 2960 1271 3023 terciam

65 3077 191 3154 partem
217 3069 334 3131 decime
357 3069 395 3130 de
419 3066 507 3130 Curia
533 3067 706 3150 supradicta
729 3069 809 3132 sicut
832 3069 928 3130 ceteri
950 3067 1152 3131 decimatores
1176 3072 1272 3133 nostri

66 3199 146 3260 erga
170 3198 235 3248 nos,
261 3167 349 3260 prout
368 3198 402 3238 se
424 3176 585 3240 habuerint
608 3181 754 3259 tempora,
778 3175 891 3239 debent
913 3177 1086 3240 conducere
1107 3179 1268 3251 annuatim,

67 3289 159 3352 saluo
188 3286 256 3348 iure
277 3284 399 3347 duarum
425 3284 608 3368 reliquarum
636 3286 784 3368 partium,
815 3307 873 3370 que
903 3283 1066 3348 heredibus
1097 3286 1272 3362 Conlucent

68 3398 111 3462 de
129 3395 322 3476 Eebendms
337 3397 368 3456 et
383 3395 562 3456 Hermonni
579 3394 681 3456 fratris
705 3395 752 3456 sui
776 3393 826 3476 pie
849 3392 1079 3464 recordationis,
1098 3398 1271 3476 competunt

67 3507 102 3568 in
133 3504 250 3566 eadem.
302 3502 412 3564 Verum
446 3502 514 3585 qnia
547 3502 656 3564 dietam
686 3499 803 3563 Curiam
837 3505 969 3564 nostram
1002 3501 1030 3562 in
1063 3501 1278 3588 Pboffendorf
1338 3551 1341 3558 .

66 3612 186 3698 prefati
205 3610 406 3675 Chotboclrue
430 3614 460 3672 et
484 3611 686 3674 Hermonem
719 3611 788 3672 olim
816 3609 1006 3692 integraliter
1035 3615 1270 3692 occupauerant,

66 3742 112 3785 ne
137 3721 273 3803 ipsorum
302 3718 435 3781 heredes
457 3719 632 3781 memoratis
664 3716 819 3790 fratribus,
846 3718 904 3781 hoe
933 3723 981 3781 est
1009 3718 1221 3782 Cholomanno
1242 3721 1272 3780 et

68 3831 205 3896 Andree
220 3847 313 3910 super
328 3827 498 3890 huiusmodi
512 3828 577 3890 iure
590 3825 649 3888 sibi
666 3845 811 3889 concesso
828 3826 911 3888 litem
924 3826 1110 3908 inposterum
1131 3832 1271 3888 moueant

68 3939 254 4025 aliqualem,
288 3935 497 3998 relaxauerunt
523 3934 599 4018 ipsis
628 3934 793 3998 heredibus
819 3934 921 3997 debita
949 3934 1118 3996 subnotata.
1160 3934 1271 4006 Primo,

69 4047 213 4112 undecim
238 4043 333 4106 libras
358 4043 550 4106 denariorum
579 4047 609 4106 et
636 4049 699 4106 tres
728 4042 854 4114 solidos,
886 4063 961 4126 qnos
989 4062 1045 4124 per
1069 4062 1176 4122 annum
1206 4061 1273 4104 eum

68 4155 187 4221 familia
205 4153 351 4216 heredum
368 4143 506 4214 fecerant
526 4152 556 4213 in
574 4153 723 4233 expensis.
748 4153 820 4214 llem
843 4151 1055 4214 relaxauerunt
1076 4150 1105 4212 xl
1127 4155 1271 4214 metretas

71 4265 218 4346 siliginis,
244 4281 318 4344 quas
340 4280 397 4342 pro
415 4279 554 4340 agrorum
580 4261 743 4324 seminibus
767 4260 983 4343 expenderunt.
1009 4258 1083 4322 ltem
1107 4258 1272 4341 sepedicti

69 4377 185 4438 fratres
216 4372 334 4433 fructus
364 4369 488 4431 duorum
525 4388 686 4442 annorum,
722 4389 797 4452 quos
826 4389 881 4453 pro
913 4372 995 4430 certa
1035 4367 1164 4450 pecunia
1199 4387 1271 4449 erga

70 4482 225 4546 dominnm
249 4477 390 4540 abbatem
408 4482 666 4559 comparauerant,
691 4479 775 4560 ipsos
799 4477 929 4540 heredes
953 4496 1056 4540 secum
1077 4475 1136 4538 frui
1157 4475 1271 4558 pariter

71 4590 273 4654 admiserunt.
298 4585 337 4647 vt
354 4589 452 4649 autem
469 4587 523 4649 dus
541 4585 712 4648 huiusmodi
732 4586 829 4648 libere
846 4590 969 4650 teneant
986 4589 1016 4646 et
1032 4583 1142 4648 nullam
1159 4584 1188 4646 in
1204 4584 1270 4667 ipso
