3122 5096
611 639 733 714 cxlv.

166 778 367 861 Delegauitin
376 777 483 842 eodem
493 777 561 842 loeo
574 778 629 842 suh
645 779 760 844 eisdem
773 779 902 844 testibus
915 781 1069 864 predictus
1083 779 1274 846 Heidinriclr

84 887 191 950 uincam
207 907 297 949 unam
314 887 392 970 apud
409 887 634 970 [mizinicdorf.
653 907 720 951 cum
737 888 935 972 appendiciis.
953 889 1096 954 Holroldi
1106 887 1275 952 ministeri-

81 993 131 1056 alis
146 995 287 1078 predicte
297 995 457 1060 Mutdilde
467 996 534 1081 ipso
547 999 692 1079 presente
704 1000 735 1060 et
746 1001 885 1079 rogante.
903 1017 990 1083 quam
1003 995 1063 1061 sibi
1081 997 1274 1063 Volclrruduo

81 1103 237 1170 auunculus
254 1123 327 1168 suus
344 1105 521 1170 hereditatis
538 1106 602 1168 iure
619 1097 783 1169 dimiserat.

607 1291 744 1363 CXLVI.

164 1429 275 1494 Notum
285 1430 326 1493 sit
338 1429 482 1494 Omnibus
492 1426 633 1493 Ecclesie
647 1424 728 1494 liliis.
743 1427 872 1514 qualiter
887 1424 1007 1514 quidam
1020 1430 1272 1516 ingenuurlomo

78 1539 253 1626 lircloiwcr
269 1539 397 1604 nomine.
415 1539 553 1623 predium
571 1559 656 1603 suum
672 1539 962 1605 Emiclrinbrunnirr
978 1541 1100 1604 dictum.
1119 1540 1273 1622 delegauit

77 1647 105 1708 in
117 1666 233 1709 manum
244 1623 391 1712 (idonior
402 1647 556 1712 cuiusdam
569 1645 680 1709 nobilis
690 1646 757 1710 uiri.
768 1647 863 1711 nichil
872 1649 1026 1730 excipiens
1037 1648 1156 1710 omnino
1166 1655 1273 1732 preter

77 1753 130 1819 duo
146 1753 305 1819 beneficia.
323 1769 358 1820 ea
374 1755 546 1820 conditione
561 1757 594 1819 ut
610 1757 678 1838 ipse
693 1755 752 1818 hoc
767 1752 848 1820 idem
862 1757 1000 1840 predium
1012 1755 1167 1838 delegaret
1180 1777 1272 1840 super

78 1863 166 1926 altare
188 1863 222 1926 S.
241 1861 346 1927 llarie.
378 1863 439 1928 Sed
463 1865 599 1950 prelatus
624 1840 795 1928 (ldalricco
819 1863 998 1949 quibusdam
1022 1863 1270 1949 occupationibus

76 1970 244 2055 impeditus.
259 1971 326 2036 dum
339 1992 395 2056 per
408 1993 443 2038 se
455 1973 513 2038 hoc
526 1973 653 2058 implere
666 1971 862 2058 nequiuisset.
875 1977 1002 2056 rogante
1015 1973 1122 2038 eodem
1133 1969 1272 2040 Erotio-

73 2101 156 2166 pero.
182 2076 339 2160 delegauit
361 2081 441 2144 idem
463 2079 601 2165 predium
626 2083 705 2147 sicut
729 2081 787 2146 sibi
811 2080 953 2145 traditum
976 2079 1076 2145 fuerat
1098 2083 1129 2144 in
1154 2095 1271 2145 manum

76 2183 231 2276 liddperti
242 2209 320 2274 eque
333 2185 443 2254 nobilis
457 2187 526 2255 uiri.
541 2195 574 2255 ut
585 2191 652 2274 ipse
666 2187 848 2254 uoluntatem
858 2186 1025 2274 supradicti
1037 2185 1231 2277 Erclringcri
1241 2191 1272 2252 in

75 2297 136 2360 eius
149 2293 311 2361 donatione
325 2297 511 2363 sollemniter
522 2299 710 2384 adimpleret.
727 2294 812 2381 Quod
826 2299 915 2362 etiam
927 2299 994 2382 ipse
1007 2293 1191 2386 Rddpertuo
1201 2317 1273 2384 pre-

74 2409 157 2470 sente
175 2427 251 2491 sepe
267 2405 325 2470 iarn
350 2401 430 2471 dicto
446 2403 646 2496 Erclririqero
663 2427 754 2492 super
767 2407 862 2471 altare
887 2402 919 2470 S.
941 2403 1035 2470 Marie
1052 2402 1215 2490 delegauit.
1241 2412 1272 2471 et

73 2515 278 2578 lnuestituram
287 2517 479 2580 contradidit.
489 2516 582 2580 Huius
593 2517 765 2580 traditionis
775 2519 872 2580 testes
881 2516 982 2580 idonei
992 2517 1123 2580 fuerunt.
1134 2517 1272 2581 Erchia-

73 2643 136 2702 ρον.
147 2623 307 2690 Arclrruin.
322 2625 465 2710 lllolslrer.
477 2627 595 2710 Gebolfl
613 2627 732 2691 Wioirot.
747 2625 1130 2712 lnuestitureErcloinper.
1151 2625 1269 2690 Wicirrr.

595 2813 747 2885 cxcvii.

157 2951 306 3016 Nouerint
328 2953 463 3017 uniuersi
489 2952 641 3018 katholice
666 2951 769 3016 matris
794 2949 926 3014 ecclesie
949 2949 1012 3015 filii.
1040 2951 1119 3035 quod
1136 2951 1267 3036 quidam.

73 3057 105 3122 N.
115 3059 582 3146 Meribotlrdelegauitpredium
591 3077 676 3125 suum
685 3057 943 3146 apudcyrrriclrlra
953 3060 1277 3144 situmRomoldirltof

70 3167 177 3232 dictum
194 3169 276 3234 idem
294 3171 474 3236 dominicale
490 3191 579 3236 unum
597 3173 627 3235 et
643 3170 762 3234 uincam
780 3185 846 3233 cum
863 3169 1052 3254 appendiciis
1066 3188 1158 3253 super
1171 3169 1266 3252 altare

72 3276 101 3338 S.
110 3277 215 3342 llarie.
225 3300 261 3342 ea
270 3281 441 3346 conditione
448 3281 638 3365 interposita.
652 3279 679 3342 si
687 3273 754 3362 ipse
763 3273 976 3364 absqueuxore
985 3275 1119 3362 legitima
1129 3271 1268 3341 etliberls

72 3386 175 3451 obiret.
191 3387 285 3452 Huius
295 3389 467 3454 traditionis
476 3395 573 3455 testes
582 3387 776 3453 adscitisunt.
786 3387 985 3454 Addidertue.
993 3388 1149 3452 Dicimur.
1157 3387 1267 3450 Borio.

70 3494 183 3562 Suelio.
203 3499 311 3562 Zeira.
330 3499 493 3564 Herimon.
512 3497 678 3564 Heinrich.
695 3497 878 3560 lnuestiture
894 3496 1094 3563 Adultertuo.
1111 3496 1222 3560 Burin.

584 3684 750 3756 uxorin.

154 3823 320 3906 Delegauit
331 3824 360 3888 in
372 3821 478 3890 ecdem
489 3823 557 3891 loco
572 3874 578 3888 .
593 3873 600 3889 .
615 3873 622 3888 .
637 3873 644 3887 .
662 3822 742 3888 idem
756 3819 891 3890 Meridot
905 3823 962 3888 sub'
973 3823 1102 3888 testibus
1115 3825 1268 3907 prenomi-

68 3935 141 3998 natis
159 3934 300 3998 colonum
317 3937 433 4018 prefate
450 3936 666 4020 possessionis.
686 3933 721 3997 N.
734 3931 902 3998 Willihalm
916 3945 982 3996 curn
992 3933 1062 3997 liliis
1076 3931 1140 3997 suis
1153 3935 1183 3996 in
1195 3953 1266 4018 pro-

67 4039 158 4122 prium
172 4041 347 4107 seruicium.
361 4047 393 4106 et
405 4041 545 4108 ancillam
557 4045 676 4107 nomine
687 4042 838 4106 Ebirhiltlr
852 4055 918 4108 curn
933 4037 1049 4108 duobus
1066 4039 1177 4106 liberis
1191 4042 1264 4106 suis.

65 4145 217 4216 Hartwieo
237 4155 267 4214 et
282 4149 429 4216 Friderun
448 4173 503 4236 pro
519 4173 613 4217 censu
630 4145 667 4216 V.
687 4147 877 4216 denariorum
898 4148 1048 4216 annuatim
1070 4146 1265 4216 exsoluendo.

599 4339 737 4412 onnon.
792 4283 800 4294 ¹

154 4480 270 4542 Notum
285 4480 331 4544 sit
343 4479 479 4542 omnihus
496 4479 611 4542 Christi
627 4480 776 4560 sanguine
792 4479 968 4562 redemptis.
987 4479 1117 4562 qualiter
1133 4479 1262 4561 quidam,

67 4585 101 4648 N.
115 4587 257 4652 loinrielt
269 4587 394 4652 tradidit
409 4587 448 4652 ad
464 4585 559 4652 altare
574 4587 607 4652 S.
621 4587 717 4652 llarie
732 4587 870 4673 predium
887 4605 970 4650 suum
984 4585 1130 4674 Sclingirc
1143 4585 1263 4650 dictum.
