3074 5094
265 403 343 475 326

265 579 463 662 calumpniam
486 580 672 662 inposterum
695 579 869 661 paciantur,
897 576 1017 642 Virimcs
1040 575 1181 638 Notarius
1204 574 1243 637 de
1266 574 1473 658 Tyernstaim

266 692 297 750 et
311 687 501 751 Cbunrcdus
518 691 549 749 et
568 687 688 752 Vtricms
704 686 777 749 dicti
794 683 903 756 Ddrst,
925 687 1041 746 tutores
1064 681 1211 744 dictorum
1225 681 1417 764 pupillorum
1435 681 1475 743 ad

264 794 359 858 omnia
381 799 411 856 et
432 793 548 874 singula
569 795 696 876 dampna
714 792 907 856 resarcienda
921 813 955 854 se
974 790 1099 874 prefatis
1112 789 1257 852 fratribus
1268 789 1476 868 integraliter

264 901 444 982 obligarunt.
483 901 514 964 ln
543 903 627 965 cuius
651 902 695 964 rei
716 902 887 964 memoriam
912 905 1071 984 presentes
1099 897 1218 959 litteras
1244 894 1341 976 sigilli
1369 897 1476 958 nostri

263 1009 512 1094 impressionibus
531 1011 756 1080 communimus,
781 1011 891 1072 Testes
909 1014 993 1071 suut:
1020 1003 1206 1071 denradus
1224 1005 1262 1067 de
1274 1006 1476 1090 Hcmpacb.

264 1121 448 1185 Rinbardus
479 1119 517 1180 de
545 1122 682 1183 Procne.
719 1119 885 1183 Ortlicnus
915 1116 1103 1179 forestarius.
1143 1112 1331 1178 denradus
1369 1114 1478 1177 dictus

266 1228 450 1292 Gactbcecr.
467 1225 628 1290 Arnoldue
640 1226 678 1288 de
690 1225 875 1312 Haqclinpc.
893 1225 1047 1306 Pitrolscs
1060 1223 1097 1285 de
1107 1222 1293 1304 Woecndcrf.
1309 1222 1481 1305 Pitrolfus

266 1337 303 1398 de
327 1337 571 1418 Hetamanstorf.
603 1334 773 1398 Bertolduc
804 1333 842 1395 de
875 1333 1082 1415 Vrowcndorf.
1114 1331 1287 1394 Rodwicus
1317 1328 1482 1392 Officialis

265 1439 558 1505 chcnicbboven.
586 1439 657 1504 Otto
672 1445 702 1502 et
722 1441 896 1506 Heinriccs
923 1441 1031 1503 fratres
1057 1439 1095 1502 de
1119 1441 1338 1524 Ebcrsprunn.
1369 1439 1483 1502 Hmin-

265 1549 353 1614 ricus
374 1548 494 1610 villicus
513 1548 551 1610 de
572 1549 777 1621 lbkbrunnm
801 1549 900 1612 etalii
919 1548 1136 1632 quamplures.
1170 1547 1278 1609 Datum
1301 1547 1332 1608 in
1358 1546 1484 1609 Cbotc·

266 1659 355 1722 wico.
381 1657 465 1718 Anno
485 1656 594 1718 domini
619 1657 670 1720 Me
687 1655 757 1720 00⁰.
772 1657 871 1720 LXX⁰.
896 1657 1034 1740 septimo.
1060 1655 1161 1718 Pridie
1184 1655 1261 1740 ydus
1282 1655 1483 1718 decembris·

266 1765 438 1828 indiccione
461 1763 572 1846 quinta.

339 1896 395 1960 dui
406 1906 466 1958 dem
482 1907 638 1977 hangenden
653 1907 720 1979 spite
739 1909 829 1963 oralen
843 1907 934 1976 Siegel
948 1925 998 1961 uon
1010 1906 1157 1960 schwamer
1167 1906 1368 1961 Wachsmasse
1387 1907 1428 1960 ist
1442 1907 1486 1960 der

267 1999 320 2051 bbt
339 1997 441 2050 sitzend
465 1996 640 2065 dargestellt‚
669 1999 715 2051 mit
743 1999 921 2052 Pastoralstab
950 1998 1004 2050 und
1033 1997 1188 2066 Regelbuch
1216 1996 1244 2048 in
1274 1996 1330 2048 den
1362 1998 1486 2051 blanden.

269 2087 317 2140 llic
335 2086 477 2140 Umschriit
489 2087 618 2141 zwischen
628 2088 692 2142 nwei
708 2087 844 2142 einiacben
858 2087 947 2141 Linieu
959 2087 1057 2142 lautet:
1075 2087 1090 2156 ³5
1110 2084 1141 2138 S.
1153 2085 1311 2140 Helnwicb.
1324 2086 1403 2141 Dei.
1420 2087 1485 2140 Gra

267 2178 359 2234 Abbae
379 2176 558 2232 Cbotwicena.

813 2363 924 2434 LVlll.

271 2527 345 2586 laio.
375 2527 400 2585 4.
426 2525 542 2598 August.
567 2524 689 2584 viterbo.
715 2557 752 2566 -
768 2527 850 2597 Papst
873 2525 998 2580 Nikolaus
1023 2526 1064 2582 lll.
1085 2525 1214 2594 bestttigt
1239 2525 1302 2579 dem
1331 2527 1417 2581 Abte
1440 2527 1488 2580 und

274 2617 377 2689 Capitol
402 2617 451 2672 des
471 2617 564 2670 Stiltes
582 2615 715 2686 Gdttweig
733 2617 784 2670 alle
807 2635 856 2669 von
877 2618 992 2686 Pdpsten
1015 2617 1068 2670 und
1087 2617 1200 2670 Fiirsten
1220 2617 1394 2672 erbaltcnen
1419 2619 1489 2673 Frei-

676 2707 772 2768 haitan,
792 2707 949 2776 Privilegien
969 2725 995 2762 u.
1016 2707 1070 2776 dgl.

800 2816 938 2876 [original]

362 2951 518 3016 Nicotaus
543 2951 705 3034 episcopus
722 2971 830 3015 seruus
848 2971 1005 3015 seruorum
1023 2951 1082 3014 dei.
1108 2949 1235 3013 Dilectis
1252 2949 1347 3025 filiis,
1379 2953 1486 3018 Abbati

277 3065 308 3124 et
331 3059 468 3143 Capitulo
493 3058 670 3122 Monasterii
695 3057 919 3124 Chotbitcensis
946 3059 1060 3122 ordinis
1093 3059 1190 3122 sancti
1207 3059 1388 3126 Benedicti
1405 3065 1486 3128 Pata·

166 3219 169 3225 .
276 3171 389 3231 utensis
407 3167 539 3230 diocesis
560 3168 735 3230 salutemet
760 3167 954 3250 apostolicam
974 3167 1226 3230 benedictionem.
1259 3166 1346 3231 Cum
1368 3173 1485 3235 anobis

274 3277 384 3361 petitur
401 3274 481 3358 quod
498 3275 608 3336 iustum
630 3279 676 3337 est
700 3281 732 3338 et
747 3275 904 3339 honestum
922 3279 982 3338 tam
1006 3277 1095 3358 uigor
1118 3274 1261 3357 equitatis
1285 3298 1392 3361 quam
1420 3281 1484 3344 ordo

273 3385 367 3464 exigit
383 3383 507 3446 rationis
525 3387 556 3444 ut
572 3383 602 3446 id
619 3404 674 3466 per
689 3383 921 3448 sollicitudinem
937 3385 1029 3448 officii
1046 3383 1141 3446 nostri
1154 3383 1191 3445 ad
1205 3383 1356 3449 debitum
1377 3389 1483 3472 perdu-

274 3497 359 3556 catur
377 3491 528 3554 effectum.
554 3490 724 3573 Eapropter
740 3492 843 3555 dilecti
859 3493 889 3553 in
907 3493 1026 3554 domino
1043 3490 1098 3553 filii
1120 3491 1231 3554 uestris
1247 3491 1356 3557 iustis
1385 3503 1481 3580 postu-

272 3597 432 3664 lationibus
449 3603 537 3679 grato
556 3603 773 3663 concurrentes
787 3620 913 3664 assensu
929 3621 1032 3664 omnes
1049 3598 1206 3662 libertates
1221 3603 1253 3662 et
1270 3599 1480 3668 immunitates

274 3729 291 3770 a
315 3705 587 3794 predecessoribus
611 3707 722 3768 nostris
744 3708 885 3772 Romanis
909 3707 1108 3772 Pontificibus
1137 3707 1202 3770 siue
1231 3728 1293 3790 per
1318 3714 1479 3794 priuilegia

274 3836 328 3878 seu
345 3817 419 3877 alias
436 3814 639 3894 indulgentias
660 3814 748 3877 uobis
771 3821 802 3878 et
821 3817 1001 3879 monasterio
1026 3819 1128 3877 uestro
1147 3834 1324 3880 concessas
1354 3841 1418 3884 nec
1433 3842 1478 3884 nor

273 3922 430 3985 libertates
453 3927 483 3984 et
507 3923 710 4005 exemptiones
729 3921 911 3986 secularium
933 3924 1118 3986 exactionum
1143 3943 1159 3984 a
1184 3922 1346 4003 Regibus,
1376 3930 1479 3994 Princi-

273 4029 362 4114 pibus
380 4036 411 4092 ct
433 4030 499 4093 aliis
519 4030 626 4094 christi
642 4029 781 4093 fidelibus
803 4030 1020 4095 rationabiliter
1037 4030 1123 4093 uobis
1140 4029 1293 4106 indultas,
1325 4037 1418 4102 sicut
1438 4059 1476 4102 ers

276 4137 356 4199 iuste
373 4157 407 4200 ac
427 4137 558 4218 pacifice
576 4139 732 4213 obtinetis,
750 4139 835 4202 uobis
853 4143 883 4201 et
899 4159 955 4221 per
971 4159 1025 4201 uos
1045 4139 1141 4201 eidem
1159 4145 1365 4210 monasterio
1391 4155 1477 4212 aucto-

231 4321 233 4325 ,
274 4246 364 4308 ritate
381 4244 546 4328 apostoliea
565 4247 773 4310 confirmamus
796 4251 827 4310 at
849 4247 999 4329 presentis
1019 4247 1126 4331 scripti
1149 4251 1336 4330 patrocinio
1357 4275 1477 4320 commu-

276 4353 382 4414 nimus.
400 4352 482 4416 Nulli
499 4374 573 4435 ergo
591 4356 708 4418 omnino
723 4355 874 4419 bominum
886 4355 975 4419 liceat
987 4356 1064 4418 hanc
1080 4355 1222 4438 paginam
1238 4365 1363 4426 nostre
1381 4363 1476 4428 confir·

276 4460 414 4523 mationis
440 4463 607 4542 infringere
631 4463 681 4525 uel
710 4466 739 4528 ei
761 4485 834 4526 ausu
855 4465 1017 4528 temerario
1043 4463 1205 4526 contraire.
1247 4465 1372 4554 Siquis
1398 4477 1476 4536 auten

277 4568 334 4632 hoc
366 4571 546 4652 attemptare
581 4573 800 4654 presumpserit
834 4571 1068 4654 indignationem
1107 4571 1343 4656 omnipotentis
1386 4583 1476 4647 deiot
