3074 5094
1159 331 1235 404 295

55 499 246 576 steinc'wgl.
265 506 360 560 Fontes
379 505 674 562 155155151115115.
694 509 711 560 1.
726 508 807 562 Band.
827 508 937 579 Diplom.
956 507 1065 562 miscell.
1084 507 1156 562 85115
1175 507 1237 572 319,
1258 547 1260 552 -

57 597 142 668 Siegol
161 596 209 651 Nr.
231 597 289 668 18.)

122 686 155 757 1)
177 687 260 742 Siehe
282 687 423 749 Saalbuoh‚
446 687 583 741 Tradition
600 688 645 742 Nr.
665 687 804 744 CCCXXV.

122 776 155 848 2)
176 777 297 830 51555
314 778 339 830 in
354 777 418 830 Furt
436 795 476 830 am
489 779 570 832 Fusse
590 778 636 832 des
650 778 812 848 Gdttwcigcr
830 781 937 850 Berges.
958 781 1031 852 (Vgl.
1051 780 1101 833 den
1124 781 1235 834 11511155-

55 867 152 921 steiner
177 865 271 921 Codex
301 863 327 921 in
352 869 463 921 Menum.
488 867 556 921 boic.
589 869 640 922 Vll.
665 871 727 923 1511
752 871 982 942 Eselshopen,
1010 869 1232 934 Eselshouem

55 957 105 1012 und
127 957 243 1011 locuit.
266 958 331 1011 xlx.
350 958 380 1010 11.
399 959 461 1013 211.
480 959 549 1027 „ista
564 975 659 1013 uacare
681 963 809 1031 ceperunt
830 977 880 1032 per
892 962 1025 1014 mortem
1044 959 1177 1014 comitis
1196 959 1234 1014 de

55 1049 315 1102 Horranstoin“:
334 1049 471 1102 Hauleiten
490 1049 665 1119 (Hausleuten
684 1049 715 1104 U.
735 1051 767 1103 11.
784 1051 813 1104 Β.
840 1049 863 1112 t,
891 1049 955 1104 oder
974 1049 1021 1102 dor
1041 1047 1108 1104 eiust
1130 1050 1238 1117 gleich-

54 1139 153 1208 namige
165 1140 218 1194 Ort
229 1141 271 1194 bei
284 1141 439 1204 Hasendorl,
458 1140 489 1194 Ο.
506 1141 549 1209 W.
563 1141 603 1194 W.
623 1141 720 1195 Archiv
739 1142 757 1194 f.
776 1142 806 1194 Κ.
830 1147 854 1194 d.
874 1141 905 1194 G.
921 1143 999 1203 1853,
1018 1143 1060 1195 lx.
1074 1142 1137 1204 291,
1150 1140 1237 1213 Note)

53 1232 157 1286 115551
168 1231 251 1300 inge
266 1229 405 1302 (Meidling
418 1231 515 1286 unweit
528 1231 574 1286 dos
590 1231 709 1303 Stiftes).
729 1235 756 1286 et
768 1233 850 1286 curio
862 1232 1047 1286 villicationis
1059 1233 1118 1288 sub
1131 1235 1235 1286 monte

55 1321 228 1376 Chotwico
250 1321 323 1393 515).

123 1411 156 1484 3)
176 1413 388 1480 Peregrinus
408 1411 562 1482 (Piligrim),
582 1413 686 1466 Plarrer
704 1432 734 1466 zu
749 1413 938 1474 Herrantstein‚
956 1413 1087 1466 ersohcint
1105 1413 1138 1466 im
1151 1413 1232 1467 dahrc

54 1502 121 1556 1233
141 1503 182 1556 515
196 1503 287 1570 Zeuge
306 1501 331 1554 in
356 1501 427 1555 einer
445 1500 612 1556 Lilienlelder
631 1503 763 1560 Urkunde.
783 1503 949 1576 (Hanthaler,
968 1506 1079 1558 Recens.
1094 1503 1198 1574 diplom.
1212 1505 1232 1558 1.

53 1593 95 1646 75.
114 1594 174 1662 Vgl.
196 1593 295 1662 Kjrchl.
314 1593 501 1664 Topographie
521 1593 573 1648 vll.
592 1595 620 1648 B.
633 1595 684 1648 178
699 1625 734 1634 -
747 1595 808 1650 187.
829 1593 942 1648 Chmel's
958 1595 1235 1650 Geschichtslorscher

55 1683 71 1736 1.
91 1685 141 1738 511
160 1715 194 1724 -
207 1683 287 1756 518.)
1108 1701 1112 1710 ’

596 1821 690 1892 XXX.

52 1966 119 2026 12³1.
139 1967 177 2025 17.
198 1966 282 2039 April.
302 1997 335 2006 -
356 1965 478 2021 Heinrich
497 1969 516 2022 l.
536 1985 585 2024 von
605 1966 740 2036 Chnnring
758 1967 832 2022 stellt
855 1967 904 2022 auf
919 1965 1059 2022 Ausuchen
1077 1967 1124 2024 des
1143 1967 1226 2022 Abtes

53 2061 167 2114 Wozelin
194 2061 249 2114 und
277 2078 324 2113 zur
343 2059 506 2114 Seelenruhe
534 2061 620 2114 seines
639 2061 827 2114 verstorbeueu
854 2059 970 2114 Bruders
994 2059 1122 2113 Hademar
1141 2059 1226 2128 einige

52 2151 107 2204 dem
120 2141 204 2205 811115
218 2151 363 2220 entzogene
376 2149 483 2205 Wiesen
504 2151 538 2204 im
558 2151 667 2206 Axwald
685 2151 782 2205 wieder
802 2151 909 2216 curticle,
927 2151 979 2204 und
999 2151 1094 2204 5511551
1112 2151 1233 2220 zugleich

52 2243 96 2296 aul
111 2243 205 2296 immer
223 2241 266 2296 die
285 2241 399 2312 jahrlioh
412 2244 464 2296 ihm
482 2241 623 2312 geleistele
643 2243 740 2296 Steucr
764 2259 813 2296 von
833 2241 915 2296 einem
928 2241 1175 2296 Wirthschaftshofe
1189 2241 1231 2294 bei

604 2333 684 2405 Spita.

400 2442 467 2501 [Cod.
484 2442 661 2504 PrIvilagiorum
677 2445 726 2490 nor.
745 2445 782 2490 17.
794 2445 881 2504 verso]

136 2580 307 2644 innomine
335 2585 439 2644 555515
467 2585 498 2643 51
518 2579 670 2645 individue
688 2582 846 2646 Trinitatis
864 2583 967 2646 Amen.
1004 2581 1148 2662 Quoniam
1170 2585 1234 2646 orta

55 2692 107 2756 sub
136 2693 203 2755 5515
233 2710 299 2754 555
326 2692 393 2775 ipso
413 2691 500 2754 simul
525 2692 666 2756 occidunt
683 2692 747 2757 sole
769 2697 799 2756 51
826 2693 894 2777 qui'a
919 2713 1066 2775 processu
1089 2693 1233 2776 temporis

54 2801 197 2866 memorie
226 2800 376 2888 hominum
399 2799 490 2866 multa
518 2799 692 2874 elabuntur,
720 2805 751 2866 et
779 2804 857 2866 sicut
884 2821 1011 2884 corpora
1040 2802 1234 2876 alternantur,

54 2911 239 2977 alternantur
270 2913 301 2973 51
331 2917 462 2982 mentes,
497 2909 707 2974 recordatione
736 2911 825 2992 digna
853 2910 1026 2974 durantibus
1054 2911 1233 2994 scriptorum

54 3021 170 3084 indiciis
188 3020 357 3104 sapientum
380 3024 541 3083 censentur
556 3019 732 3083 roboranda.
769 3019 878 3083 Notum
894 3021 933 3082 sit
954 3039 1027 3102 ergo
1044 3019 1234 3102 presentibus

56 3133 83 3190 et
108 3129 218 3192 futuris
245 3129 360 3191 litteras
388 3133 545 3212 presentes
573 3129 772 3212 inspecturis,
806 3129 884 3212 quod
914 3147 971 3210 ego
1002 3129 1172 3194 Heiorious
1195 3129 1233 3192 de

57 3237 228 3325 0155νί59,
259 3235 441 3300 Marsoalcus
465 3237 602 3311 Austrie,
640 3236 677 3300 ob
709 3239 934 3302 venerationem
968 3237 1100 3320 gloriose
1129 3237 1177 3301 151
1204 3245 1234 3302 51

55 3346 180 3411 hominis
203 3347 371 3428 genetricis
396 3350 427 3410 et
451 3350 599 3430 perpetue
627 3367 747 3430 semper
770 3346 906 3428 virginis,
932 3351 962 3409 et
989 3346 1026 3409 51
1053 3347 1232 3429 peticionem

54 3455 160 3520 domini
182 3457 336 3522 Woalonc'o
357 3453 538 3520 venerabilis
563 3460 634 3519 tuno
651 3454 864 3520 Gottwicensis
887 3454 1019 3519 55515515
1043 3454 1176 3528 abbatis,
1202 3464 1233 3520 51

55 3585 105 3648 pro
127 3565 263 3629 remedio
280 3567 376 3628 anime
398 3563 500 3628 fratris
523 3564 580 3627 mci
596 3565 771 3630 Hodoraori
791 3583 826 3628 55
844 3584 919 3628 5555
933 3564 1066 3628 defuncti
1081 3561 1120 3648 1),
1145 3567 1230 3648 prata

56 3675 178 3756 quedam
201 3673 335 3738 eiusdem
360 3673 490 3738 ecclesie
513 3671 819 3758 superumerale),
850 3694 907 3758 que
935 3672 1130 3754 suggestione
1154 3691 1230 3756 quo-

55 3783 176 3846 rundam
193 3785 233 3847 de
249 3784 358 3848 nostris
375 3789 475 3846 nostra
491 3787 674 3865 reputantes,
699 3782 1127 3846 15515115115515555515515·
1146 3802 1231 3845 meus

58 3898 85 3955 51
104 3913 160 3974 ego
188 3891 455 3963 vindicaverimus,
480 3895 642 3955 memorate
668 3891 807 3963 55515515,
848 3892 926 3954 51551
953 3909 1005 3952 555
1032 3891 1115 3973 prius
1139 3895 1234 3962 erant,

56 4000 193 4066 redonari
206 4006 237 4064 et
253 4005 392 4073 5155555,
406 4019 463 4084 que
479 3999 905 4082 1555555515111511515513)
923 3999 986 4063 dari
1002 3998 1089 4063 nobis
1105 4019 1234 4064 consuo-

56 4115 152 4184 rerat,
177 4131 231 4194 pro
252 4107 413 4174 dilectione
426 4109 528 4173 matris
541 4109 749 4172 misericordie
763 4115 793 4172 et
805 4110 899 4174 salute
912 4129 978 4172 mea
993 4113 1139 4193 perpetuo
1152 4104 1234 4172 rola-

57 4219 149 4304 quavi.
189 4219 231 4284 Ut
252 4223 348 4281 autem
371 4218 429 4282 hec
456 4223 609 4302 pratorum
631 4218 788 4282 redonatio
810 4222 840 4282 et
863 4223 965 4282 stcure
989 4217 1133 4282 relaxatio
1156 4217 1235 4302 apud

57 4329 183 4393 heredes
197 4329 300 4392 fratris
312 4328 371 4390 mei
384 4331 415 4392 et
430 4347 513 4391 meos
525 4332 589 4391 rata
598 4331 779 4410 permaneat,
793 4327 943 4410 presentis
955 4327 1065 4410 pagine
1078 4326 1235 4412 subscrip-

59 4439 134 4502 tione
151 4442 183 4504 et
199 4436 292 4520 sigilli
313 4437 372 4500 mei
394 4436 580 4522 appensione
598 4442 629 4501 et
650 4425 770 4502 testium
786 4436 999 4501 subnotacione
1015 4440 1104 4520 prout
1122 4435 1235 4500 firmius

63 4547 142 4633 potui
164 4547 308 4613 stabilivi.
333 4547 406 4610 dota
423 4553 491 4612 sunt
508 4547 566 4610 hec
582 4567 657 4612 anno
676 4547 713 4610 ah
730 4547 935 4612 incarnatione
951 4545 1061 4611 domini
1079 4545 1235 4610 1111155155
