3122 5096
573 637 738 710 CCLXlll.

148 774 273 839 Nouerit
288 778 428 841 uniuersa
445 777 595 840 catholice
611 777 711 860 plebis
732 775 876 840 ecelesia.
895 776 1023 860 qualiter
1039 778 1204 844 Ditmaeus
1216 780 1258 842 de

69 885 282 971 punnindorf
298 886 450 966 delegauit
473 905 564 968 super
586 884 683 948 altare
708 891 813 950 sancte
833 869 932 950 ¹Marie
954 887 1133 970 mancipium
1157 908 1254 950 unum.

70 991 100 1054 N.
117 990 275 1074 liegingoz
298 993 336 1056 ad
358 1011 491 1056 censum.
510 992 545 1056 V.
565 993 764 1058 denariorum.
791 993 855 1056 Sub
878 994 926 1056 his
949 993 1087 1058 testibus.
1114 995 1257 1059 Harenid

71 1100 231 1165 deireisim
242 1102 408 1166 aduocato.
426 1102 574 1190 liudolfo.
592 1103 777 1189 Enpilberto
790 1103 830 1166 de
841 1103 1079 1190 sconherinpin.
1099 1103 1255 1190 Gemmpo.

70 1209 247 1275 Pemnanno.
268 1212 414 1276 Geroldo.

576 1340 740 1414 COLXIV.

150 1461 295 1526 Memoria
312 1483 431 1546 quoque
448 1485 464 1526 a
481 1445 621 1527 fidelibus
638 1463 751 1545 iugiter
768 1467 815 1526 est
830 1463 1021 1528 retinendum
1037 1466 1118 1547 quod
1140 1466 1258 1530 Heillea

68 1571 104 1635 de
118 1571 248 1636 dirdoim
263 1570 390 1634 tradidit
405 1591 498 1654 super
514 1569 609 1634 altare
626 1578 731 1635 sancte
747 1572 788 1634 Μ.
805 1593 862 1656 per
884 1593 1003 1636 manum
1022 1573 1086 1658 filii
1110 1575 1163 1638 sui
1179 1575 1261 1638 Ger-

70 1678 168 1743 lardi.
182 1679 313 1766 pilisque
327 1701 384 1744 sue
408 1727 552 1744 .....
578 1663 685 1744 eodem
707 1681 761 1745 die
783 1701 943 1746 souuerse.
967 1682 1086 1744 uincam
1110 1701 1196 1744 unam
1224 1681 1261 1744 ad

68 1787 320 1871 steudratisderfi
344 1807 492 1872 unumque
515 1787 697 1871 mancipium
720 1789 848 1852 Dicmud
870 1811 925 1874 pro
943 1810 1048 1854 censu.
1066 1789 1102 1852 V.
1121 1788 1262 1853 denario-

68 1915 136 1958 rum.
160 1896 199 1958 Et
215 1901 248 1960 ut
267 1895 325 1958 hee
341 1894 469 1960 tradicio
486 1893 570 1958 firma
588 1897 637 1958 sit.
661 1897 762 1960 idonei
781 1898 868 1960 asciti
885 1901 954 1961 sunt
970 1901 1065 1961 testes
1082 1898 1133 1960 hii.
1159 1900 1260 1963 Adat-

67 2025 169 2069 remus
191 2005 233 2069 de
254 2003 461 2090 oftderinpin.
483 2004 664 2092 accipens
683 2008 791 2088 frater
811 2007 914 2093 ipsius
938 2003 1151 2091 G.(erhardi).
1176 2008 1262 2071 Her·

68 2131 196 2176 munaus
207 2113 249 2176 de
260 2133 370 2198 poree.
389 2113 556 2196 lllrlferun.
576 2113 720 2178 Oteclear
735 2115 776 2180 de
791 2114 921 2180 treisim.
939 2115 1131 2180 Hertcoicus.
1149 2116 1260 2181 nana-

67 2220 164 2286 winue
178 2222 220 2286 de
235 2219 378 2286 inicedit.

588 2344 739 2416 CCLXV.

152 2481 306 2546 Nouerint
333 2483 434 2546 cuncti
463 2482 568 2546 fideles
596 2483 725 2567 qualiter
748 2459 921 2550 (ldalricus
947 2485 988 2548 de
1011 2487 1204 2554 Gessislteim
1231 2487 1262 2550 in

66 2593 219 2673 presentia
249 2591 358 2654 domini
385 2592 573 2678 Repiamnri
595 2593 797 2680 pataviensis
825 2592 978 2680 episcopi.
1008 2597 1038 2656 et
1062 2595 1265 2662 Cludeldolti

65 2701 276 2790 Kotwipensis
292 2703 423 2767 addatis.
448 2704 630 2789 aliorumque
646 2701 841 2786 plurimorum
860 2699 1049 2764 clericorum.
1075 2707 1104 2766 et
1119 2703 1262 2768 nobilium

65 2807 227 2874 hominum.
238 2830 341 2874 omnes
350 2809 528 2874 traditiones
539 2833 613 2898 quas
622 2812 689 2896 ipse
697 2809 764 2893 pius
784 2807 1018 2896 (sic-prius‘l)
1036 2809 1174 2877 &llario
1189 2834 1262 2877 con·

64 2920 157 2982 cessit
173 2919 351 3003 prediorum
369 2924 400 2982 et
416 2920 641 3006 mancipiorum.
659 2938 746 2980 manu
762 2919 888 3006 nepotis
899 2918 951 2982 sui
963 2893 1111 2984 (ldalriei
1126 2921 1258 2984 secundo

64 3027 255 3092 confirmauit
271 3047 364 3110 super
379 3028 523 3112 reliquias
540 3033 710 3092 sanctorum
725 3027 870 3090 fratribus
886 3027 938 3090 hio
955 3027 1011 3090 deo
1028 3029 1058 3091 in
1070 3030 1266 3116 Kotwipenei

64 3137 194 3202 eereobio
209 3135 415 3201 seruientibus
431 3137 460 3200 in
478 3156 573 3202 usum.
600 3139 674 3200 Acta
691 3139 739 3200 est
754 3135 813 3199 hec
829 3135 951 3199 traditio
967 3135 999 3198 in
1015 3135 1165 3222 colloquio
1183 3138 1263 3222 quod

64 3243 169 3308 habuit
196 3263 268 3309 cum
295 3247 403 3310 eodem
430 3248 580 3334 episeopo
604 3245 635 3308 in
656 3245 724 3308 loco
750 3245 801 3328 qui
827 3245 1103 3332 piladepimundie
1130 3249 1264 3308 uocatur.

65 3353 163 3416 addita
194 3357 228 3416 et
257 3351 315 3415 alia
337 3355 501 3419 traditione
524 3355 613 3418 trium
641 3353 795 3418 uinearum
823 3352 861 3414 ad
887 3351 1179 3440 waltprelstesdorf.
1208 3363 1264 3436 pr'o

64 3459 202 3526 remedio
221 3461 322 3524 anime
339 3464 482 3530 Waltriei
496 3464 623 3552 eopnoti
638 3465 708 3539 (sim
722 3467 788 3523 cod.
799 3467 828 3521 B.
843 3485 918 3522 voro:
935 3459 1074 3546 cognati)
1089 3463 1142 3526 sci
1151 3461 1267 3526 nobilis

64 3595 142 3661 eque
156 3575 239 3640 uiri.
257 3575 308 3658 qui
324 3573 445 3636 easdem
463 3572 566 3636 uineas
582 3593 617 3636 ea
634 3572 692 3636 sibi
707 3573 823 3636 ratione
838 3571 1013 3636 tradiderat.
1038 3571 1151 3633 Testes
1168 3574 1265 3634 autem

63 3681 93 3746 ni
117 3688 191 3746 sunt
219 3683 358 3746 adhibiti.
390 3677 578 3747 thnredus
606 3703 708 3746 comes
734 3681 775 3745 de
801 3681 964 3745 Pilsteine.
992 3679 1200 3744 Pernderdus
1228 3680 1268 3743 de

66 3792 95 3854 Τ
91 3813 186 3856 runa.
205 3791 428 3856 Adelremmus
443 3791 485 3855 de
500 3792 613 3878 Perpa.
631 3789 850 3854 Adelrammus
866 3791 906 3853 de
926 3789 1103 3854 Weldelelca.
1123 3785 1268 3854 Oliaro-

63 3901 123 3966 dus
144 3903 189 3967 de
212 3899 408 3964 wirmileltu.
432 3899 604 3964 Heinricus
620 3897 892 3985 delenpenpaels.
920 3897 990 3962 Otto
1012 3897 1052 3960 de
1073 3896 1267 3961 Machlunte.

62 4009 158 4098 uppo
175 4010 220 4074 de
237 4008 453 4097 Stepdilarip.
478 3983 650 4096 (ldalricus
673 4027 772 4092 nepos
795 4006 898 4091 ipsius
918 3981 1065 4070 O⁰dalrici
1088 4006 1128 4070 de
1149 4005 1269 4092 possis·

63 4117 158 4184 heim.
187 4116 258 4181 Sub
275 4115 389 4180 eisdem
406 4116 537 4179 testibus
555 4115 640 4178 dedit
655 4113 744 4176 etiam
760 4113 818 4175 tria
835 4113 993 4197 mancipia.
1018 4112 1106 4176 Eber.
1133 4118 1164 4175 et
1179 4112 1269 4176 filiam

62 4227 128 4291 eius
147 4225 292 4292 Gisilam.
316 4223 468 4310 filiamque
484 4223 566 4288 illius
583 4221 775 4303 Gerbirgam.

593 4363 757 4434 cccxvi.

155 4486 315 4554 Fidelium
331 4487 477 4550 memorie
490 4485 725 4554 comendandum
737 4484 817 4568 quod
829 4483 958 4569 quidam.
976 4481 1013 4544 N.
1026 4481 1173 4567 Ruprelet
1184 4480 1271 4544 dele-

60 4602 148 4685 gauit
165 4616 269 4681 super
291 4596 387 4658 altare
409 4600 513 4658 sancte
530 4594 626 4658 Mario
648 4593 784 4678 predium
802 4613 888 4657 suum
905 4591 993 4676 quale
1010 4593 1077 4673 ipse
1092 4589 1273 4672 possederat

93 4710 197 4756 sontes.
210 4707 243 4750 X.
1039 4697 1055 4748 5
