3122 5096
1201 405 1248 476 19

142 575 176 638 ln
192 575 300 647 eodem
316 577 384 640 loco
401 577 526 642 tradidit
541 597 633 662 super
649 577 731 642 idem
747 572 842 642 altare
857 577 987 662 quidam.
1005 577 1042 642 N.
1060 578 1248 667 Adolpreht.

65 682 106 746 Vl.
122 683 239 766 iugera.

605 798 703 870 lel.

144 935 294 1000 Nouerint
317 956 421 1002 omnes
444 937 625 1002 uniuersalis
649 939 782 1002 ecclesie
804 943 863 1002 tam
889 941 1042 1023 presentis
1059 943 1150 1005 etatis
1166 960 1254 1026 quam

64 1063 241 1108 successuro
258 1047 446 1129 posteritatis
463 1046 579 1111 fideles.
606 1047 735 1130 qualiter
759 1049 887 1130 quedam
911 1051 1046 1113 matrona
1069 1046 1256 1115 Hadomiith

63 1151 135 1215 dicta
148 1174 203 1236 pro
218 1155 382 1219 dilectione
396 1155 450 1219 filii
463 1157 509 1218 sui
519 1155 880 1239 Getifridinohiscumio
886 1159 1077 1223 monasterio
1086 1158 1255 1224 educandi.

64 1265 92 1323 et
105 1282 161 1345 pro
179 1263 314 1326 remedio
333 1265 430 1327 anime
445 1265 512 1328 uiri
526 1265 577 1328 sui
590 1264 802 1330 Adulheronio
820 1266 876 1330 uie
891 1267 1163 1333 hierosolimitano
1179 1268 1271 1332 eene*

65 1373 276 1436 comminuti.
293 1373 437 1456 'tradidit
462 1372 497 1436 V.
527 1393 647 1436 mansus
677 1393 743 1436 cum
769 1374 855 1437 uinea
878 1375 916 1438 ad
939 1375 1080 1460 mehtrqe
1104 1376 1141 1438 ad
1165 1375 1259 1438 altare
1388 1375 1398 1396 ⁸

61 1476 91 1539 S.
108 1479 204 1542 Marie
221 1479 336 1564 absque
352 1479 413 1544 ulla
426 1479 672 1545 contradictione.
689 1481 721 1544 in
737 1502 821 1545 usum
833 1482 987 1547 fratribus.
1001 1482 1052 1548 hic
1062 1483 1118 1547 deo
1128 1484 1255 1566 eiusque

58 1587 199 1666 genitrici
211 1587 428 1653 seruientibus.
446 1587 538 1652 Huius
555 1588 727 1673 traditionis
737 1609 793 1672 per
806 1608 908 1653 aurem
921 1589 1051 1654 adtracti
1063 1595 1134 1653 sunt
1147 1595 1256 1654 testes.
1285 1650 1287 1654 ,

62 1695 216 1784 Piliqrim.
233 1697 408 1787 Meqireqoe.
425 1699 601 1784 Diethpolt.
618 1697 757 1784 Siqifrir.
774 1697 892 1763 Suelio.

606 1847 718 1916 LXlll.

151 1983 261 2047 Notum
284 1985 325 2047 sit
346 1984 483 2047 omnibus
500 1969 681 2047 uniuersalis
699 1983 832 2046 ecclesie
851 1982 999 2048 fidelibus.
1025 1987 1084 2048 tam
1102 1985 1191 2049 huius
1209 1985 1258 2049 eui

61 2090 256 2174 presentibus
280 2113 366 2177 quam
391 2094 436 2156 eis
461 2093 492 2154 in
515 2091 641 2156 affutura
663 2092 842 2174 posteritate
859 2091 1103 2158 succedentibus.
1130 2093 1258 2178 qualiter

59 2201 170 2264 iratres
187 2203 240 2265 isti
257 2222 347 2286 supra
363 2200 536 2265 facultatem
553 2221 635 2264 suam
651 2201 893 2284 comparauerint
914 2203 1052 2284 predium
1074 2202 1259 2268 Liuaimure-

55 2313 190 2396 niedorf
207 2310 317 2374 dietum
341 2331 357 2374 a
381 2311 499 2375 domina
520 2311 685 2376 Elisabeth
708 2309 840 2393 palatina
863 2311 1027 2374 comitissa.
1053 2309 1115 2374 XX.
1139 2312 1259 2378 marcis.

58 2420 150 2486 Cuius
167 2421 360 2485 traditionem
378 2419 533 2502 delegauit
548 2423 578 2482 in
590 2425 706 2483 manum
721 2419 875 2484 cuiusdam
901 2396 1048 2486 O⁰delrici
1071 2421 1177 2483 nobilis
1190 2421 1259 2482 uiri,

55 2550 95 2593 ea
114 2529 267 2594 uidelicet
291 2529 472 2593 conditione.
511 2534 658 2612 quatenus
681 2529 751 2610 ipse
777 2527 849 2592 illuc
873 2527 1011 2592 traderet
1039 2548 1098 2612 quo
1122 2528 1259 2592 dominus

58 2634 254 2705 Ohdnradus
275 2635 325 2701 uel
349 2639 459 2700 fratres
483 2637 550 2700 eius
569 2641 742 2719 rogassent.
769 2636 912 2701 adhibitis
936 2637 985 2698 bis
1008 2638 1137 2700 testibus
1157 2655 1259 2700 coram

54 2748 131 2829 ipsa.
166 2766 295 2830 quorum
322 2746 379 2809 hec
409 2750 479 2809 sunt
506 2745 663 2809 uocabula.
700 2745 857 2831 Piliqrim.
890 2745 1058 2810 Heinrich.
1092 2722 1263 2810 (h’dulrieh.¹

54 2855 229 2920 Heinrich.
252 2854 394 2942 Diepolt.
419 2853 565 2918 Richart.
597 2854 690 2936 Quam
713 2854 780 2936 ipse
802 2852 931 2916 tradidit
949 2853 986 2915 ad
1004 2855 1098 2917 altare
1115 2854 1148 2917 S.
1167 2853 1262 2918 Mario

15 2945 17 2950 ’
54 2963 118 3027 sub·
136 2965 303 3028 iuramenti
327 2965 568 3046 interpositione.
602 2983 660 3046 qua
682 2979 717 3024 se
740 2961 900 3026 affirmauit
922 2963 988 3026 eius
1011 2963 1152 3026 tradendi
1176 2981 1261 3026 cum-

52 3077 169 3156 putem.
210 3072 303 3136 Huius
330 3073 501 3135 traditionis
531 3069 656 3134 adhibiti
679 3074 748 3133 sunt
774 3075 881 3133 testes.
917 3073 1047 3159 Eqilclf.
1079 3071 1262 3138 Hurtrcieh:

59 3183 217 3270 Retpoto.
240 3181 422 3248 Willihelm.
451 3183 593 3246 Brenno.
622 3179 741 3244 Soello.
770 3180 858 3244 Hire.
888 3181 1052 3247 Merihoto.
1081 3180 1265 3246 lnuestiture

53 3291 192 3380 Epilolf.

610 3401 720 3472 LXIV.

148 3544 179 3607 N
182 3543 304 3608 ouerint
320 3543 453 3606 uniuersi
469 3546 574 3604 sancte
592 3541 725 3604 ecclesie
738 3539 794 3604 filii
806 3545 865 3604 tam
878 3542 908 3602 in
920 3543 1056 3623 presenti
1069 3545 1149 3604 etate
1161 3541 1264 3625 positi.

53 3671 144 3736 quam
171 3651 206 3714 in
231 3651 368 3734 sequenti
392 3649 572 3732 posteritate
595 3649 779 3712 successuri.
817 3646 944 3730 qualiter
966 3647 1094 3730 quedam
1119 3654 1264 3714 matrona.

53 3758 91 3820 N.
109 3757 244 3846 Sophia
262 3755 416 3838 delegauit
432 3756 461 3818 in
474 3776 592 3818 manum
605 3755 670 3840 pilii
683 3755 735 3819 aui
752 3751 917 3819 Chdnradi
931 3755 969 3820 ad
985 3756 1121 3820 Pielohu
1133 3775 1266 3819 mansum

53 3889 148 3934 uuum
176 3872 212 3930 ct
236 3867 363 3928 uincam.
389 3885 425 3928 co
448 3869 555 3928 tencre
579 3869 611 3926 ut
627 3864 705 3927 idem
724 3860 911 3928 Chdnradue
927 3863 1046 3945 legaret
1063 3885 1156 3948 super
1172 3863 1267 3927 altare

53 3977 87 4040 S.
106 3976 212 4040 Maris
228 3981 283 4056 pro
301 3973 406 4055 requie
425 3972 522 4034 anime
539 3971 651 4034 sororis
669 3991 733 4034 sue.
761 3969 846 4052 Quod
864 3973 895 4032 et
910 3969 1021 4033 tactum
1038 3977 1094 4034 est.
1121 3974 1152 4033 et
1167 3975 1264 4034 testes

51 4086 105 4148 isti
122 4087 201 4148 sunt
218 4080 337 4144 adsciti.
362 4081 517 4144 Dicimur.
545 4078 718 4164 Wiehpoto.

615 4227 711 4298 unt.

151 4372 224 4436 lloe
240 4369 331 4433 etiem
349 4368 494 4432 memorie
511 4367 779 4432 commendandum
797 4371 854 4430 est.
873 4365 954 4452 quod
971 4365 1099 4450 quidam.
1118 4363 1155 4428 N.
1171 4367 1268 4431 Gehe-

51 4484 133 4549 hort
160 4481 208 4546 de
229 4477 426 4565 qoeinedcrf
445 4475 569 4539 tradidit
592 4495 685 4558 super
712 4475 792 4538 idem
815 4473 911 4536 altare
932 4475 1070 4556 iugerum
1100 4477 1131 4537 et
1151 4478 1268 4558 partem

50 4593 151 4674 augic
170 4585 300 4652 scilicet
314 4587 451 4668 iugerum
467 4603 556 4648 unum
574 4589 605 4646 et
620 4582 784 4647 dimidium.

1013 4693 1030 4742 2
1038 4691 1052 4720 1
