3122 5096
286 346 337 417 74

282 521 439 602 eneruem
471 522 620 588 traditor.
661 522 843 588 Hertwiees
878 521 919 588 de
956 525 1094 589 meree.
1134 523 1214 590 eree.
1261 523 1409 609 Sifrides
1438 525 1475 590 de

282 630 490 717 torpentem.
522 633 724 696 Hemeeuoes
753 639 785 696 et
811 634 918 716 stater
947 633 1016 698 dus
1040 631 1256 698 Bereleerdes.
1288 633 1473 719 Liepeldes.

282 739 507 804 Ideeimermus.

801 887 966 960 cccxci.

371 1028 497 1094 Nouerit
519 1033 580 1092 tam
601 1049 731 1114 presens
753 1032 830 1094 etas.
858 1047 945 1113 quam
968 1046 1150 1092 successura
1167 1029 1329 1112 posteritas
1348 1028 1476 1113 qualiter

280 1137 399 1222 quidam
416 1138 591 1204 catholicas
606 1139 756 1204 sacerdes
772 1137 891 1200 nomine
907 1137 1063 1222 Redelses
1085 1138 1265 1221 potestatiua
1281 1157 1373 1202 manu
1390 1137 1476 1202 dele·

281 1247 366 1328 gauit
380 1253 506 1331 quatuor
519 1247 668 1328 mancipia
685 1266 748 1308 sua.
772 1245 933 1310 Perehten.
957 1244 1109 1310 Fromute.
1126 1245 1324 1310 dltmannunn.
1350 1245 1477 1310 Ellouui·

281 1375 361 1418 num.
378 1359 464 1418 nates
481 1355 519 1418 de
535 1353 631 1418 libore
647 1352 782 1418 muliere.
801 1358 832 1416 et
847 1353 969 1437 proprie
982 1375 1038 1418 suo
1051 1374 1142 1418 seruo
1157 1353 1291 1418 lllbwino
1305 1355 1344 1418 ob
1355 1375 1478 1418 censum

281 1463 413 1547 quinque
435 1463 625 1526 denariorum
648 1461 800 1526 annuatim
822 1461 968 1526 soluendo
992 1481 1058 1526 cum
1074 1461 1128 1526 tali
1144 1463 1250 1546 predio
1268 1464 1358 1546 quale
1373 1463 1479 1528 hahuit

286 1571 493 1656 lllalsespecle.
520 1591 613 1654 super
635 1572 729 1636 altare
752 1571 785 1634 S.
803 1571 898 1634 Morio
919 1571 1055 1638 kotwich
1077 1591 1132 1654 pro
1157 1570 1291 1635 remedio
1308 1571 1409 1634 anime
1426 1591 1479 1636 sue

282 1686 314 1746 et
339 1684 495 1762 parentum
524 1699 646 1744 suorum
675 1699 711 1744 oe
738 1676 883 1742 uidelicet
909 1679 1034 1742 ratione.
1067 1683 1098 1742 et
1125 1678 1300 1744 conditione
1326 1685 1476 1761 quatenus

281 1790 386 1853 eadem
404 1787 562 1870 mancipia.
584 1787 664 1852 idem
686 1787 826 1872 predium
842 1786 878 1850 alr
896 1789 1008 1854 elbete
1018 1788 1202 1854 kotwicensi
1221 1786 1323 1852 debito
1347 1789 1475 1853 seruitio

281 1898 341 1961 loci
357 1895 502 1960 haberent
517 1896 547 1958 in
565 1895 723 1960 beneficio.
750 1895 837 1977 Quod
854 1895 890 1958 ad
908 1895 1062 1960 honorem.
1087 1901 1117 1959 et
1133 1893 1366 1960 retributionem
1384 1898 1480 1960 serui-

278 2008 351 2070 tutis
373 2005 476 2068 matris
501 2005 763 2086 supradictorum
785 2006 999 2086 mancipiorum
1021 2005 1089 2088 quia
1111 2003 1208 2068 libera
1230 2005 1285 2067 fuit
1308 2005 1428 2068 tactum
1450 2011 1479 2070 et

282 2113 431 2176 firmatum
452 2115 509 2174 est.
536 2111 628 2174 Huius
653 2112 697 2174 rei
719 2116 814 2174 testes
840 2117 909 2176 sunt
930 2132 986 2196 per
1003 2132 1106 2176 aurem
1121 2112 1221 2174 nacti.
1247 2113 1420 2178 Districes
1441 2113 1478 2177 de

279 2242 451 2286 recreares.
469 2219 637 2286 Idlrlcirices
653 2223 683 2282 et
694 2222 801 2304 freter
816 2221 884 2285 eius
899 2220 1071 2286 Districes.
1087 2219 1262 2308 Hiltprelnt.
1281 2225 1313 2284 et
1327 2222 1477 2308 Herliep.

283 2330 436 2396 Geetder.
461 2327 631 2394 Geetleert.
657 2329 834 2394 Odelrices.
858 2329 1029 2394 Peredert.
1049 2331 1178 2413 Getfrit.
1195 2328 1321 2392 Factum
1339 2335 1390 2393 est
1401 2351 1480 2418 pre·

282 2446 370 2504 seete
385 2437 544 2504 Gentlnero
555 2437 741 2522 presbitero.
751 2438 875 2502 demine
886 2437 1094 2504 Cladellcde
1106 2439 1227 2504 dilate
1238 2438 1269 2502 id
1279 2439 1481 2522 suscipiente.

279 2553 310 2612 et
321 2550 429 2632 fratre
443 2544 635 2612 Lietlewirre.

794 2695 974 2767 ccuxcn.

368 2834 515 2898 Nouerint
537 2839 597 2898 tarn
622 2833 714 2898 futuri
736 2855 824 2917 quam
845 2841 1007 2917 presentes
1033 2837 1160 2920 qualiter
1179 2831 1372 2901 Clieredus
1390 2839 1480 2923 filies

283 2945 451 3011 lielelredi
477 2947 507 3006 et
530 2946 643 3027 froeee
668 2942 889 3008 ministerialis
917 2945 1007 3008 decis
1032 2947 1072 3009 Η.
1102 2943 1225 3008 tradidit
1254 2965 1351 3026 super
1382 2945 1480 3010 altare

280 3075 305 3117 s.
324 3053 418 3115 Mario
442 3053 473 3114 in
496 3052 627 3117 lietwino
652 3052 833 3134 potestatiua
850 3073 947 3115 manu.
970 3053 1104 3137 predium
1122 3051 1271 3136 quoddam
1288 3053 1326 3115 ad
1343 3054 1480 3120 Hedera·

280 3167 370 3226 wart.
397 3159 476 3244 qued
504 3165 589 3243 pater
617 3165 648 3221 et
670 3162 765 3222 mater
790 3159 855 3223 eius
879 3167 1021 3225 emerant.
1052 3161 1089 3224 oh
1112 3161 1280 3225 remedium
1309 3164 1479 3227 animarum

278 3276 437 3354 parentum
454 3289 573 3332 suorum
591 3273 621 3331 et
637 3267 782 3351 precipue
798 3269 902 3332 matris
919 3269 1030 3333 ibidem
1048 3269 1174 3354 sepulte.
1193 3269 1286 3333 Huius
1304 3271 1481 3336 traditionis

278 3385 372 3443 testes
390 3383 458 3442 sunt
474 3397 546 3440 eure
562 3377 661 3441 tracti.
688 3376 878 3442 Oleeredes
894 3379 933 3442 de
949 3378 1108 3444 Meleeet.
1125 3378 1215 3443 Sidet
1229 3379 1269 3442 de
1284 3379 1480 3468 Baetinqen.

281 3489 424 3554 Cicerei
439 3494 469 3552 et
488 3485 628 3570 fridrici
644 3485 685 3549 cle
703 3485 854 3550 Treisem.
879 3482 1036 3553 Neiderecle
1058 3488 1098 3552 cle
1123 3487 1308 3574 laimprede.
1333 3489 1484 3554 Perlctelt

158 3633 161 3640 ι
280 3597 319 3661 dc
335 3595 531 3682 Peeeinpee.
551 3593 740 3659 Cicereius
760 3595 884 3659 telwer.
904 3595 1038 3684 Sipleert
1053 3598 1093 3660 de
1109 3597 1305 3684 Zeqqiepen.
1325 3597 1480 3663 hiereis.

285 3707 355 3772 Otto
372 3705 412 3769 ele
424 3703 552 3788 familie
568 3701 711 3768 ecclesie.

787 3851 982 3924 cenxclll.

372 3991 441 4054 Filii
453 3992 504 4074 qui
519 3994 681 4054 nascentur
698 3991 728 4052 et
741 3996 899 4072 exurgent.
916 3998 1040 4056 narrent
1052 3991 1121 4058 tiliis
1134 3992 1207 4056 suis.
1224 3989 1356 4075 qualiter
1371 3993 1480 4060 Cluen·

281 4102 380 4166 redes
405 4104 436 4164 et
456 4099 647 4166 ddeldertes
665 4097 729 4184 filii
747 4100 934 4185 supradicte
953 4097 1048 4166 Vrdree
1068 4100 1259 4166 tradiderunt
1274 4120 1370 4183 super
1386 4102 1484 4164 altare

283 4231 309 4274 s.
327 4209 423 4272 lllarie
441 4209 478 4272 ad
500 4207 637 4273 leterici
653 4207 834 4290 potestatiua
851 4227 939 4272 manu
955 4209 1091 4292 predium
1108 4206 1257 4293 quoddam
1275 4208 1314 4272 ad
1328 4210 1482 4276 wirrstes·

282 4319 363 4403 ders
372 4322 403 4382 et
418 4317 455 4381 ad
471 4316 696 4400 cicentenderf.
722 4333 777 4398 pro
794 4317 927 4380 remedio
944 4317 1108 4380 animarum
1123 4320 1282 4399 parentum
1299 4336 1436 4380 suorum.
1454 4319 1485 4379 et

283 4427 322 4492 ad
338 4425 504 4490 subsidium
519 4425 641 4492 deabus
656 4424 818 4490 sererides
838 4425 905 4490 seis
926 4425 1042 4490 ididem
1061 4425 1203 4492 iecleeis.
1227 4423 1321 4487 Huius
1338 4426 1483 4490 traditio·

283 4537 330 4599 uis
353 4555 426 4600 aure
448 4535 538 4598 tracti
563 4538 633 4598 sunt
652 4537 759 4598 testes.
786 4534 975 4600 Clearedas
998 4534 1038 4598 de
1061 4533 1222 4600 Malleolo.
1249 4537 1281 4596 et
1305 4533 1483 4600 Dietrieus.
