3094 5094
271 365 322 436 80

270 541 335 622 Que
351 538 478 604 tradicio
494 537 575 602 tacta
592 543 640 602 est
654 558 711 621 per
726 557 831 604 manus
850 539 994 605 Goawinr'
1007 539 1048 604 dc
1065 537 1274 625 puotinderctr
1298 536 1353 600 die
1370 537 1467 619 depo-

270 648 388 712 sitionis
405 647 480 711 eius.
498 645 553 709 sub
570 645 617 710 his
634 645 771 710 testibus.
791 647 939 712 Gocrcino
951 648 1110 734 predicto.
1126 646 1299 732 Budipero.
1320 646 1470 709 Tiemonc

269 758 406 839 cognatis
423 756 497 822 eius.
519 754 696 820 Perdordo.
720 754 858 821 Mactto.
882 755 1045 821 Hartrcico
1063 760 1094 817 et
1107 755 1174 840 filio
1191 754 1259 818 eius
1282 753 1468 818 Perdtoldo.

268 867 433 933 Liotwino.
451 864 610 949 drmfrtdo.
630 863 751 930 Wirint.
769 865 991 953 Mepinlrordo.
1008 869 1039 928 et
1054 863 1120 928 aliis
1137 862 1287 947 pluribus.

784 1085 949 1158 cccxlii.

361 1225 470 1290 Notum
483 1226 524 1289 sit
536 1224 671 1289 omnibns
687 1223 828 1290 fidelibus
840 1223 954 1288 Christi
968 1224 1048 1310 quod
1063 1225 1243 1289 Radbertus
1258 1224 1300 1288 de
1315 1224 1472 1290 veredin-

271 1335 366 1400 uelde
389 1355 443 1418 pro
465 1333 601 1398 remedio
626 1335 723 1398 anime
747 1353 802 1396 sue
826 1338 857 1398 et
873 1333 938 1419 filit
956 1334 1008 1398 aui
1026 1333 1182 1398 liudberti
1203 1334 1360 1415 delegauit
1377 1357 1473 1419 super

272 1443 367 1508 attare
389 1446 491 1508 sancte
508 1443 603 1506 Maria
625 1441 743 1506 uincam
761 1442 797 1506 ad
820 1444 900 1508 celle
921 1443 1018 1506 sitam.
1043 1441 1136 1506 Huius
1152 1444 1199 1506 rei
1213 1448 1310 1507 testes
1328 1450 1402 1508 sunt
1419 1443 1471 1508 hii.

274 1553 617 1619 Wrctttnmdcwatdc.
637 1551 803 1636 Gntsrtdus
816 1552 1037 1639 dedostpucd.
1066 1553 1306 1633 Odunradusde
1318 1554 1474 1620 cerchia-

274 1662 377 1726 uelde.
404 1661 558 1748 Enpilper·
580 1660 621 1725 de
645 1661 828 1748 loirrcprude.
851 1661 1038 1728 Fridericus
1053 1662 1095 1727 de
1112 1662 1242 1749 pireto.
1266 1663 1475 1728 Herrnamms

274 1771 314 1835 de
329 1769 530 1836 hunteheim.
550 1769 675 1835 Wirr‘ntl

680 1964 685 1976 ¹
791 1935 956 2008 CCCXIV.

366 2076 405 2140 vt
418 2077 448 2140 in
465 2076 577 2140 noticia
592 2080 651 2140 tam
669 2075 819 2158 presentis
838 2094 924 2159 quam
942 2075 1043 2140 future
1059 2077 1149 2140 etatis
1171 2075 1319 2142 habeatur
1333 2081 1476 2162 presenti

277 2185 390 2269 scripio
419 2189 548 2250 notetur.
583 2184 662 2269 quod
689 2183 834 2250 dominus
861 2183 1038 2270 nepotum
1067 2186 1270 2272 pataviensis
1300 2186 1478 2274 episcopos

276 2299 384 2380 rogatu
411 2293 533 2359 domini
562 2292 720 2358 Rcdmcrt
748 2292 948 2381 drotwipenat'o
975 2294 1099 2358 abbatia
1129 2294 1278 2378 quendam
1307 2300 1479 2360 matronam

278 2406 397 2468 nomino
415 2404 546 2468 Teutam
562 2403 602 2467 dc
613 2423 744 2489 prunae
758 2422 830 2466 oum
841 2401 909 2487 filio
925 2401 1080 2468 Dietrico.
1097 2407 1128 2469 et
1143 2402 1276 2488 filiabus,
1286 2404 1436 2469 Gcrdmt
1451 2412 1480 2470 ct

277 2513 431 2579 Petrioso.
457 2512 625 2575 cumomni
653 2509 832 2593 posteritate
855 2529 958 2574 eorum
979 2511 1010 2573 in
1040 2511 1134 2574 attare
1164 2511 1197 2574 S.
1220 2511 1315 2575 Marie
1342 2512 1480 2596 predicti

278 2621 453 2685 monasterii
469 2619 633 2700 delegauit.
658 2624 689 2681 et
705 2619 855 2682 iusticiam
876 2619 1112 2682 ministerialium
1134 2621 1185 2704 qui
1209 2620 1247 2684 ad
1267 2620 1348 2684 idem
1366 2641 1478 2685 mona·

278 2731 402 2796 sterium
419 2733 557 2812 spectant
573 2727 619 2790 eis
636 2725 833 2790 confirmauit.
857 2726 949 2791 Huius
973 2727 1019 2790 rei
1043 2732 1140 2791 testes
1162 2735 1240 2791 sunt.
1262 2729 1480 2795 Eberhardus

278 2839 319 2904 de
333 2839 457 2903 Itouna.
475 2836 638 2901 Dietricrts
655 2839 685 2898 et
707 2835 821 2899 Werdnt
836 2836 876 2899 de
890 2836 1047 2900 werdere.
1069 2835 1261 2923 Sipilrardus
1275 2839 1315 2901 dc
1325 2837 1480 2924 pelter'm-

280 2947 441 3013 cotronae.
459 2945 620 3010 Trutman.
633 2943 805 3008 Heioricrcs
816 2943 1022 3009 etMer'nlrort
1033 2946 1073 3010 de
1080 2945 1163 3032 pult.
1182 2945 1304 3010 Vlrious
1311 2945 1353 3009 de
1365 2947 1479 3012 ostric.

278 3056 415 3152 Liotwc'n
435 3059 465 3118 et
484 3055 618 3120 Vtricua.

670 3207 672 3215 ¹
803 3218 954 3291 CCCXV.

370 3360 492 3426 Noticie
505 3365 695 3444 posterorum
707 3360 915 3422 commitimos.
934 3359 1019 3445 qood
1028 3359 1220 3446 Reinpertus
1232 3359 1272 3423 de
1283 3359 1482 3426 intentata

282 3491 374 3554 snper
402 3469 509 3534 altare.
533 3490 558 3532 s.
585 3469 680 3532 Marie
701 3489 755 3552 pro
779 3467 912 3530 remedio
937 3467 1034 3531 anime
1058 3487 1123 3530 sue.
1147 3473 1178 3530 et
1198 3468 1323 3533 exorte
1344 3488 1384 3531 ac
1404 3469 1481 3554 filit.

283 3578 438 3661 delegauit
453 3578 530 3644 duos
547 3595 668 3644 mensus
683 3575 966 3645 oeconomice.
989 3581 1029 3640 et.
1043 3575 1092 3638 111.
1110 3576 1246 3640 curtatis.
1263 3581 1293 3638 et
1308 3555 1433 3659 pratum
1452 3578 1482 3641 in

282 3689 391 3754 serim
415 3692 455 3752 et.
480 3687 518 3750 li?
542 3685 610 3750 loca
626 3685 664 3750 ad
679 3683 848 3750 molendina
865 3685 1012 3749 facienda.
1036 3685 1227 3770 Beneficium
1245 3685 1369 3750 Ottnnis
1392 3685 1483 3751 saluo

283 3797 418 3862 eiusdem
434 3796 557 3862 Ottonr'a
568 3798 644 3860 iure.
659 3800 690 3860 ut
701 3793 850 3858 beneficio
863 3814 917 3858 suo
931 3813 989 3856 non
1002 3793 1164 3857 fraudetur.
1178 3793 1322 3856 Preterea
1333 3793 1386 3857 112⁸
1394 3814 1484 3859 man·

282 3925 334 3972 sus
351 3905 600 3972 libhardesetlre.
618 3908 649 3968 et
663 3902 754 3966 uiduc
770 3901 926 3966 beneficia.
946 3899 1112 3990 Chindrpe.
1129 3901 1178 3965 ln·
1190 3920 1320 3964 mensus.
1338 3904 1393 3984 qui
1410 3909 1484 3968 sunt

254 4075 256 4081 ,
281 4013 409 4078 reditus.
441 4014 631 4097 Hcc'tsolcum
653 4013 693 4077 de
715 4011 910 4094 strtaerrdors
945 4031 1011 4074 cum
1032 4010 1093 4074 llll.
1117 4009 1221 4074 liberis
1247 4008 1321 4072 suis.
1352 4009 1487 4075 tradidit

283 4122 322 4188 ad
338 4141 472 4186 censum.
490 4122 525 4186 V.
544 4121 736 4186 denariorum
752 4119 903 4186 annuatim
920 4118 1143 4186 exsoluendum.
1161 4119 1284 4182 uestes.
1298 4119 1484 4186 Gocwious.

282 4232 471 4298 Reinbertus
486 4232 526 4296 de
541 4231 698 4318 Rodipeo.
727 4205 835 4295 itero
850 4231 890 4295 de
908 4224 1073 4294 Wsenrrit.
1092 4228 1282 4294 Wrcdordue
1299 4233 1332 4292 et
1350 4229 1426 4295 Otto
1444 4231 1486 4296 dc

283 4341 430 4407 Rumina.
453 4339 648 4406 Perdardus.
672 4339 830 4404 Arcanos.
857 4337 1029 4404 Heinricus
1053 4339 1197 4402 cerciores
1222 4337 1380 4402 Gozwim'.
1411 4339 1485 4406 otro

284 4452 428 4516 cerotem
440 4449 561 4516 domini
574 4448 747 4514 Reirrbcrti.
768 4447 958 4514 chunradus
969 4447 1112 4512 seruiens
1126 4445 1248 4512 Ottonia
1264 4445 1305 4510 dc
1320 4468 1486 4534 prunam.

288 4561 435 4648 Gundolt.
456 4559 553 4623 Timo.
