3122 5096
364 753 425 816 Iste
448 757 496 816 cst
518 754 664 816 terminus
682 749 861 838 parrochie
884 756 928 819 ad
947 753 1104 819 Muttariu
1120 774 1208 838 quam
1224 756 1360 819 dominus
1375 757 1468 843 Epil-

253 937 255 941 ,
274 864 381 927 hortus
395 861 579 943 patauiensis
596 861 756 943 episcopus
774 862 803 942 in
821 847 935 925 honore
952 860 983 923 S.
1001 861 1147 944 Stephani
1164 863 1324 928 dedicauit.
1343 869 1373 926 et
1388 865 1468 927 infra

275 971 403 1052 scriptas
416 969 641 1032 terminationes
654 968 753 1032 eidem
765 969 896 1032 ecclesie
909 969 1260 1052 episcopaliaucturitate
1269 971 1467 1035 confirmauit.

275 1076 469 1140 Postmodum
497 1078 587 1138 etiam
614 1076 713 1140 salicis
742 1077 886 1140 memorie
908 1077 1045 1140 domiuus
1071 1078 1258 1146 damaim
1284 1080 1469 1163 patauiensis

276 1185 406 1248 ecclesie
424 1185 596 1268 episcopus.
614 1185 782 1268 apostolice
798 1183 881 1246 sedis
897 1184 1026 1264 legatus.
1050 1184 1176 1248 eandem
1193 1187 1382 1269 parrochiam
1400 1207 1467 1250 eum

276 1293 353 1356 omni
381 1313 435 1356 sua
457 1283 665 1357 terminatione
687 1313 779 1376 super
801 1291 894 1355 altare
922 1291 955 1354 S.
980 1293 1074 1355 lllarie
1094 1293 1126 1355 in
1149 1273 1249 1358 monte
1274 1296 1472 1382 Kotaipeaei

274 1399 409 1463 tradidit.
435 1422 565 1487 eamque
584 1401 820 1487 prouidendum
844 1401 1001 1483 fratribus
1028 1402 1130 1488 iposiua
1156 1404 1280 1468 cenobii
1302 1405 1468 1470 commisit.

277 1507 363 1570 simul
378 1507 478 1572 hanno
494 1529 548 1572 suo
566 1508 732 1572 declarans.
757 1529 821 1572 cam
837 1514 985 1592 perpetue
1002 1510 1199 1574 damnationis
1217 1531 1397 1574 reum-esse.
1416 1513 1467 1596 qui

275 1615 382 1679 horum
399 1615 510 1698 aliquid
527 1637 644 1700 quoquo
660 1621 749 1700 pacto
767 1617 986 1702 presumpserit
1001 1622 1160 1681 temerare.
1208 1631 1226 1636 ’·

367 1725 512 1788 Ascendit
527 1728 625 1787 autem
641 1727 784 1788 terminus
801 1726 860 1788 ista
877 1725 915 1787 de
932 1725 1114 1809 chlahidorf
1130 1731 1213 1789 recta
1230 1726 1309 1790 linea
1326 1727 1364 1790 ud
1387 1726 1471 1792 tiar-

274 1833 375 1921 pidiu.
400 1833 438 1895 de
454 1833 609 1919 tiurpidia
626 1833 663 1896 ad
679 1830 829 1918 chrisariu
850 1835 878 1896 in
896 1835 1008 1898 fontem
1025 1833 1066 1895 ibi
1088 1839 1266 1898 manantem.
1291 1835 1362 1898 inde
1385 1843 1470 1900 recta

277 1943 324 2007 uia
337 1961 392 2024 per
403 1941 630 2028 epiuiadorfin
642 1941 750 2010 humen
758 1943 890 2032 fluduia.
905 1943 943 2006 de
952 1943 1073 2025 fladuia
1085 1963 1180 2026 usque
1192 1943 1385 2034 timniadorf.
1399 1945 1471 2008 inde

278 2050 478 2136 adscoiupiu.
493 2049 530 2111 de
544 2049 687 2135 scoiapiu
699 2051 845 2134 usquead
858 2051 959 2113 uillam
968 2035 1240 2137 ahhihrahtisparp
1252 2035 1365 2114 dictum
1389 2059 1472 2132 (sio).

279 2163 308 2222 et
321 2160 367 2223 sie
380 2177 435 2240 per
448 2177 534 2220 unam
548 2162 662 2220 curtam
678 2158 773 2240 ipsius
789 2159 893 2222 uillule
905 2179 1001 2242 usque
1018 2159 1208 2248 Kurlistetiu
1221 2160 1251 2222 in
1267 2161 1381 2222 iontem
1396 2161 1472 2224 inihi

207 2295 209 2300 ·
276 2287 373 2349 prope
389 2270 566 2330 manantem.
592 2267 661 2331 inde
679 2267 785 2332 siluam
806 2287 901 2351 usque
918 2269 956 2330 ad
972 2267 1195 2354 chirchperch.
1220 2268 1258 2330 de
1274 2267 1469 2356 chirchperp

277 2377 307 2440 in
320 2376 517 2462 popiapaoh.
541 2375 579 2438 de
591 2376 779 2462 popiupach
793 2377 825 2438 in
838 2377 1015 2462 fieailhuch.
1033 2377 1071 2438 de
1083 2375 1252 2460 fieeilhach·
1263 2377 1294 2437 in
1305 2377 1472 2462 pipurtiu-

273 2485 372 2571 pach.
396 2483 434 2553 de
452 2485 686 2570 pipartiapach
707 2493 801 2567 usque
823 2485 853 2546 in
876 2485 1063 2572 aehispach.
1087 2488 1119 2546 et
1135 2484 1292 2546 descendit
1309 2479 1347 2556 de
1363 2486 1472 2550 achis·

273 2593 363 2680 puch
386 2611 482 2674 rusque
506 2593 537 2652 in
560 2581 740 2656 danubium.
767 2593 858 2654 etsie
875 2613 929 2676 per
952 2593 1124 2656 danubium
1145 2613 1241 2676 usque
1257 2591 1295 2655 ad
1320 2594 1474 2676 prenomi-

278 2705 377 2763 natam
394 2699 527 2762 uillulam
544 2700 727 2782 chlehidorfl
747 2701 826 2764 unde
843 2701 924 2763 idem
940 2701 1085 2764 terminus
1103 2701 1231 2781 exurgit.

834 2901 836 2904 ’
853 2885 906 2955 ΙΧ.

214 3065 216 3072 -
271 3064 272 3068 =
313 3062 315 3066 -
372 3021 482 3087 Notum
500 3025 548 3104 sit
565 3023 699 3088 ecclesie
723 3022 793 3086 filiis
815 3024 894 3106 quod
910 3024 1093 3088 uenerabilis
1108 3027 1294 3108 patauiensis
1311 3027 1476 3110 episcopus

166 3162 167 3166 ¹
280 3131 468 3197 hltmaauus
490 3133 520 3194 in
538 3133 661 3196 allodio
684 3133 762 3216 apud
785 3133 915 3218 piricha
938 3134 971 3196 S.
988 3133 1083 3196 Marie
1100 3135 1233 3217 eiusque
1256 3136 1476 3218 patrocinium

281 3245 381 3321 munte
396 3237 541 3304 Kdtmich
558 3241 744 3304 subiacentis
761 3241 1016 3321 congregationis.
1036 3241 1164 3304 abscisis
1183 3242 1319 3326 partibus
1336 3241 1477 3307 adiacen-

283 3349 355 3412 tium
377 3349 605 3431 parrochiarum
622 3369 638 3410 a
655 3349 717 3412 suis
733 3347 874 3412 ecclesiis
892 3349 1011 3430 longius
1028 3352 1163 3414 remotis.
1182 3355 1212 3414 et
1228 3347 1386 3414 noualibus
1404 3373 1478 3415 non-

285 3459 353 3521 dum
369 3458 547 3520 terminatis.
571 3456 617 3520 sic
639 3456 735 3540 plehis
759 3457 944 3520 necessitate
961 3462 993 3521 ut
1009 3458 1084 3520 cleri
1101 3458 1227 3522 consilio
1245 3459 1393 3522 canonice
1408 3480 1478 3543 par-

283 3567 417 3631 rochiam
435 3565 609 3629 aorrstruxit.
628 3565 752 3650 eiusque
771 3585 872 3632 curam
889 3571 918 3628 et
934 3567 1071 3646 regimen
1086 3586 1152 3644 cum
1164 3568 1275 3630 ceteris
1289 3567 1477 3653 appendiciis

285 3675 421 3739 eiusdem
441 3674 693 3756 'congregationis
720 3674 917 3757 prouidentia
939 3674 1095 3738 commisit.
1132 3674 1216 3738 Hunc
1241 3657 1376 3740 eiusdem
1405 3698 1477 3760 par-

285 3761 390 3846 rochia
423 3783 581 3846 terminum
610 3782 777 3865 episcopali
805 3782 870 3845 iure
898 3781 1126 3864 predestinauit.
1154 3801 1261 3846 versus
1291 3785 1478 3848 occidentem

285 3893 460 3958 traisimam
482 3891 602 3954 fluuium
627 3891 664 3954 ah
689 3899 757 3954 ortu
785 3911 840 3955 suo
865 3911 959 3975 usque
984 3890 1021 3954 ad
1045 3891 1143 3955 uillam
1165 3915 1190 3956 a.
1213 3894 1340 3979 ypoliti.
1370 3894 1479 3958 deinde

287 4000 364 4063 uiam
387 3997 654 4080 septentrionalem
676 4018 733 4082 que
750 3998 832 4062 ducit
850 3998 887 4060 de
903 4021 928 4062 a.
945 3999 1067 4086 ypolito
1085 3999 1121 4062 ad
1137 4000 1291 4084 mahtarie
1307 4022 1362 4084 per
1378 4002 1478 4065 uillam

291 4105 446 4193 ll'apreiu.
464 4110 495 4168 et
507 4127 563 4188 per
575 4106 680 4169 siluam
695 4126 752 4189 que
763 4111 887 4170 uocatur
898 4101 1073 4172 aorahaah.
1092 4106 1201 4174 deinde
1218 4109 1255 4171 ad
1268 4109 1369 4172 uillam
1381 4111 1478 4175 sidia·

286 4214 397 4280 hirtiu.
423 4212 532 4276 deinde
555 4214 634 4276 inter
662 4215 724 4278 duo
749 4215 870 4279 allodia
897 4215 1064 4280 Williharti
1090 4223 1120 4280 ct
1145 4218 1295 4282 Waltouis
1322 4217 1355 4278 in
1379 4217 1479 4280 uillam

286 4323 396 4388 tiarim
406 4323 668 4386 uersusorientem
676 4324 894 4408 persuiaham.
909 4323 945 4386 ab
956 4329 1089 4388 ortusuo
1099 4345 1193 4409 usque
1205 4326 1241 4387 ad
1255 4325 1357 4388 uillam
1369 4327 1478 4392 tiuriu.

287 4451 394 4495 uersus
412 4430 572 4494 australem
589 4436 704 4514 partem
719 4433 830 4496 semita
847 4451 904 4514 qua
921 4437 1045 4494 uocatur
1057 4432 1234 4519 pechstich.
1256 4432 1335 4494 inter
1353 4433 1480 4497 confinia

288 4539 476 4605 allodiorum
491 4540 686 4606 marchionis
697 4541 853 4605 Hadarici
868 4545 899 4603 et
913 4537 1047 4625 Ridolfi.
1065 4547 1095 4606 et
1107 4542 1265 4614 ilauersus
1278 4542 1479 4608 carinthiam.
