3122 5096
1226 349 1276 420 43

83 524 112 584 et
127 518 181 584 lilii
197 520 272 586 eius.
300 521 435 588 Riciman
452 529 482 587 et
500 522 553 588 lilii
572 525 646 589 eius.
672 499 821 588 Eberhint
836 530 867 588 et
883 523 935 587 lilii
952 525 1027 588 eius.
1054 523 1188 606 Quadam
1204 545 1277 589 uero

83 643 202 694 censum
219 632 254 697 V.
271 634 461 698 denariorum
474 634 632 698 soluentia.
651 634 762 698 Bertha
775 635 882 697 eteius
896 633 948 696 lilii
959 633 1043 696 Anile
1056 638 1087 697 et
1100 631 1276 698 Willihalm.

82 737 194 803 Penilie
211 747 243 804 et
259 740 320 806 lilia
336 743 400 808 eius
421 741 554 806 Wezala.
572 746 602 805 et
619 743 711 805 frater
727 743 791 806 eius
810 742 960 823 Winiger.
991 741 1122 825 sigifrit,
1147 742 1275 804 Asowin.

83 852 112 910 et
127 847 186 912 alia
208 850 332 914 Bertha.
358 850 458 914 Wirat
481 855 593 914 tantum
614 849 677 914 Xll.
702 849 852 914 denarios.
877 849 970 915 Huius
992 849 1162 917 traditionis
1180 855 1276 914 testes
1348 859 1353 868 '

81 960 181 1020 extant
201 957 246 1021 hi.
289 959 451 1024 Woltriclo.
484 959 656 1047 Munepolt.
688 959 883 1048 Repinlmen.
916 959 1067 1047 sapidum.
1103 959 1275 1024 Trutlotieb.

79 1063 210 1148 lmofrit.
235 1068 402 1132 Hartman.

596 1181 761 1251 CLXXIV.

168 1300 320 1367 Nouerint
342 1303 453 1388 quique
474 1299 617 1364 fidelium.
642 1301 722 1386 quod
750 1305 949 1390 Heptaperua
971 1309 1079 1367 noster
1102 1305 1277 1368 aduocatos

80 1407 235 1490 delegauit
245 1412 393 1496 quandam
405 1415 521 1496 partem
530 1408 630 1492 predii
640 1410 851 1499 lucdinapaclr
865 1414 954 1475 situm
967 1431 1024 1494 que
1033 1412 1276 1498 eratltepilinde

80 1537 137 1603 que
172 1520 227 1584 lcic
255 1542 409 1586 conuersus
433 1525 482 1583 eat
508 1517 546 1580 ad
575 1515 671 1580 altare
701 1518 734 1580 S.
759 1519 855 1583 Marie
881 1527 973 1593 (uerba
997 1527 1138 1594 sequentia
1163 1529 1225 1581 sunt
1249 1527 1274 1578 in

79 1629 174 1688 Codice
202 1636 226 1688 Α
249 1635 338 1689 deleta
362 1635 422 1688 ideo
447 1635 596 1706 supplenda
621 1652 653 1688 ex
680 1636 745 1690 Cod.
770 1635 812 1688 B.:
837 1630 867 1691 in
892 1649 975 1691 usum
1000 1629 1047 1692 hic
1073 1628 1272 1692 existentium.

77 1733 212 1798 fratrum.
227 1734 339 1821 Huius)
352 1737 520 1801 traditionis
533 1742 633 1800 extant
645 1743 740 1801 testes
749 1738 858 1802 idonei.
873 1737 1040 1802 ekkiricus
1049 1738 1089 1800 de
1098 1739 1273 1823 luffinberp.

75 1842 245 1930 liepinyer.
265 1845 352 1930 fitius
374 1845 555 1934 Rapinqeri.
581 1847 772 1935 Meqc‘nlcurt.
797 1849 877 1912 Huc.
902 1846 1108 1911 Murclcwort.
1133 1845 1273 1909 Steuinc.

77 1951 256 2018 Heinrieue.

604 2069 755 2140 CLXXV.

163 2187 313 2253 Nouerint
338 2211 441 2254 omnes
465 2190 578 2254 Christi
596 2190 713 2254 fideles.
737 2192 818 2276 quod
834 2193 1024 2280 Dietpolduo
1040 2190 1183 2255 morelio
1206 2209 1274 2254 cum

77 2315 161 2360 manu
178 2300 366 2364 caertesae
382 2300 569 2366 Adaldeide.
588 2303 619 2361 et
626 2301 690 2384 filii
704 2301 756 2364 sai
769 2300 944 2386 Dietpoldi.
963 2318 1079 2362 omnem
1097 2298 1273 2361 decimatio-

75 2423 140 2466 nem
157 2405 196 2468 ad
214 2407 416 2472 dcimburoln
433 2414 464 2502 et
484 2408 621 2473 villarum
648 2410 686 2472 ad
713 2409 792 2472 idem
808 2408 946 2492 predium
963 2409 1177 2491 pertinentium
1193 2407 1272 2470 infra

77 2510 181 2577 lluuios
199 2515 334 2580 oiacdalc
350 2521 380 2579 et
396 2517 478 2581 litate
494 2517 639 2580 cultarum
658 2523 689 2581 et
705 2515 895 2580 colendarum
913 2522 1039 2600 excepto
1052 2516 1118 2578 iure
1131 2515 1272 2578 dimidie-

78 2622 143 2686 tatis
161 2623 526 2707 clericorum.·delegauit
542 2625 579 2688 ad
596 2626 691 2689 altare
707 2624 738 2687 S.
758 2623 852 2688 Mario
868 2625 899 2686 in
914 2625 1069 2708 proprium
1087 2625 1134 2689 ius
1150 2625 1206 2688 deo
1220 2624 1271 2687 hic

76 2733 281 2798 semientium.
296 2735 327 2796 iu
338 2733 491 2818 presentia
504 2734 630 2796 militum
646 2740 674 2796 et
685 2732 923 2796 ministerialium
937 2752 1067 2796 suorum.
1081 2753 1116 2796 ea
1128 2731 1272 2796 uidelicet

75 2840 198 2903 ratione.
224 2847 257 2904 ut
281 2863 408 2926 presens
433 2841 527 2905 abbas
544 2843 591 2906 uel
608 2843 715 2926 aliquis
733 2863 853 2906 suorum
870 2861 1082 2906 successorum
1100 2839 1269 2905 nullatenus

74 2953 253 3029 potestatem
281 2951 392 3014 haheat
420 2952 558 3034 cuiquam
593 2951 623 3014 in
651 2951 833 3014 beuelicium
860 2950 1026 3034 prestandi.
1061 2949 1108 3014 uel
1141 2949 1268 3033 aliquem

76 3057 253 3120 aduocatum
279 3079 370 3142 super
393 3060 421 3122 id
447 3059 578 3141 eligendi
603 3059 717 3143 absque
740 3081 773 3123 se
798 3065 827 3123 et
843 3080 897 3122 suo
915 3058 1038 3123 herede.
1066 3057 1153 3139 Quod
1170 3059 1195 3120 si
1212 3057 1270 3120 hec

75 3165 147 3228 ratio
164 3163 295 3230 infracta
310 3168 411 3231 fuerit.
430 3169 527 3233 sciant
544 3189 647 3232 omnes
664 3169 745 3254 quod
762 3171 828 3252 ipse
845 3169 952 3232 eteius
966 3167 1099 3232 heresin
1113 3166 1269 3250 proprium

75 3271 118 3335 ius
136 3275 314 3338 retrahendi
330 3279 512 3359 potestatem
528 3277 662 3340 habebit.

587 3463 752 3536 CLXXVl.
868 3495 870 3502 ’

162 3581 311 3650 Nouerint
323 3604 442 3669 quoque
456 3587 556 3648 cuncti
568 3586 701 3651 ecclesie
711 3585 773 3649 lilii.
788 3582 917 3668 qualiter
926 3584 1044 3667 quidam
1054 3583 1269 3671 uirinpenaus

76 3696 193 3757 nomine
215 3693 371 3758 Adatrum
393 3699 534 3777 presente
558 3716 662 3759 acore
682 3717 740 3760 sua
763 3693 918 3776 delegauit
941 3692 977 3756 ad
1000 3692 1094 3755 altare
1117 3692 1149 3754 S.
1174 3691 1269 3753 llarie

78 3803 189 3866 curiale
207 3809 238 3864 et
254 3802 373 3866 uineam
390 3823 478 3868 unam
496 3805 539 3868 ad
554 3803 695 3869 chambo.
715 3824 749 3867 ea
763 3801 908 3866 uidelicet
920 3801 1100 3866 conditione.
1119 3804 1151 3863 ut
1163 3800 1189 3863 si
1201 3800 1268 3882 ipse

78 3909 125 3971 uel
147 3931 221 3974 uxor
246 3911 311 3974 eius
335 3912 473 3995 primitus
499 3914 560 3975 uita
582 3916 758 3976 excesserit.
785 3911 915 3976 ecclesia
938 3911 1084 3992 deinceps
1108 3908 1181 3971 illud
1203 3909 1269 3972 iure

75 4015 257 4082 hereditario
266 4018 1268 4102 possideatsubhistestibueperauremadtractis.PotodePoten·

75 4130 184 4192 rteinu.
199 4128 400 4193 Adatdertuo.
416 4130 551 4215 Repeto.
567 4127 716 4192 Herriolr.
736 4129 882 4192 Biolrcre.
907 4129 1070 4192 Adatram.
1094 4127 1266 4208 Dietrieqo.

582 4313 760 4385 CLXXVll.

162 4435 201 4502 et
224 4437 282 4502 hoc
307 4437 449 4500 memorie
479 4435 611 4502 fidelium
642 4436 908 4500 commendandum
939 4442 995 4500 est.
1029 4436 1110 4522 quod
1138 4433 1264 4520 quedam

78 4543 245 4611 Benedicta
268 4545 386 4610 nomine
408 4545 523 4611 nobilio
544 4545 611 4610 oiri
632 4546 791 4612 Dietmari
813 4546 870 4610 iam
894 4545 1028 4610 defuncti
1051 4545 1165 4610 relicta
1181 4566 1267 4608 uror
