3122 5096
1237 355 1288 426 69

599 587 791 659 CCLXXVI.

184 725 335 790 Nouerint
351 744 454 790 omnes
471 727 653 791 uniuersalis
670 727 804 790 ecclesie
816 699 937 792 fideles.
954 727 1085 812 qualiter
1100 727 1292 794 Adulbcrtua

95 855 195 900 comes
210 835 252 900 dc
268 830 408 922 redipaiv.
427 834 547 898 dederit
562 840 625 898 tres
642 856 762 900 mansus
779 836 816 900 ad
833 835 929 900 altare
946 836 979 900 S.
999 837 1092 900 Marie
1109 839 1140 899 in
1156 837 1222 902 loco
1239 837 1291 921 qui

94 949 217 1008 uocatur
233 943 328 1008 hurd.
346 964 401 1028 pro
418 943 554 1008 remedio
570 948 728 1028 parentum
745 964 876 1008 suorum.
893 944 987 1008 Huius
1004 945 1175 1009 traditionis
1191 950 1287 1008 testes

94 1057 169 1116 sunt.
192 1053 262 1136 ipse
284 1073 386 1118 comcs
406 1051 653 1139 A.(dalbertus).
682 1053 854 1139 Woolopoto.
881 1052 938 1139 (de
960 1053 1069 1140 piola).
1095 1054 1204 1120 utari.
1229 1053 1289 1141 (de

92 1157 302 1245 hohenekke).
319 1162 400 1227 Otto.
418 1161 773 1243 illaildlcpiolaardoc.
787 1163 940 1248 Repretla.
955 1163 1095 1249 Ebirpir.
1109 1160 1286 1227 Hartaoo'elo.

92 1270 293 1336 adalberone
313 1270 534 1357 chinbertuo.
554 1271 699 1354 Wolflcer.

591 1419 798 1490 conxxvu.

182 1559 313 1622 Nouerit
333 1561 474 1622 uniuersa
499 1559 650 1626 katholico
675 1559 773 1642 plebis
791 1558 923 1623 ecclesia
939 1559 1018 1643 quod
1038 1557 1228 1626 Cloninradua
1249 1561 1290 1625 de

94 1666 222 1732 chambe
234 1667 323 1752 filius
338 1667 480 1733 Holooldo’
494 1667 579 1732 dedit
596 1668 781 1730 Kotwiccnsi
799 1666 929 1731 ecclesie
952 1689 1009 1751 pro
1032 1670 1165 1733 remedio
1188 1670 1287 1732 anime

95 1795 148 1837 sue
164 1775 369 1838 molendinum
385 1775 422 1839 ad
440 1753 631 1860 balneatorf.
648 1797 719 1842 cum
734 1777 840 1842 ioculo
856 1778 993 1864 quodum
1009 1777 1173 1841 ediscenti
1183 1778 1288 1842 donu-

94 1883 150 1948 oo.
167 1883 390 1950 Nichilominus
402 1869 482 1948 idem
495 1884 577 1948 dedit
592 1886 622 1946 in
639 1885 798 1970 hospitale
813 1887 848 1950 io
863 1907 938 1950 acus
949 1907 1133 1973 pauperum
1148 1885 1288 1968 predium

92 1991 127 2054 ad
148 1993 372 2080 psitipa'odoopt
402 1993 492 2056 Dedit
520 1995 609 2056 ctiam
636 1993 775 2076 predicte
800 1993 932 2058 ecclesie
958 1999 1062 2056 nostre
1085 1993 1227 2077 quicquid
1249 1993 1288 2057 ad

90 2101 244 2187 poooa‘cde
260 2100 365 2164 habuit
381 2103 409 2163 in
426 2121 496 2164 rure
513 2107 543 2165 et
559 2102 727 2184 mancipiis.
753 2103 844 2164 Porro
867 2102 941 2164 duas
963 2107 1066 2164 uineas
1083 2099 1188 2164 itidem
1204 2101 1289 2170 dedit

92 2229 157 2273 cum
180 2209 321 2274 omnibus
345 2209 527 2294 appenditiis
550 2211 624 2274 suis.
650 2210 730 2273 ldem
755 2211 844 2274 etiam
862 2209 945 2272 dedit
961 2209 1104 2292 quicquid
1120 2209 1152 2272 in
1168 2230 1240 2272 rure
1257 2213 1289 2272 et

92 2317 271 2382 molendinis
296 2323 327 2380 et
351 2317 487 2381 omuibus
511 2337 613 2381 eorum
637 2318 820 2402 appenditiis
845 2337 971 2381 unacum
995 2319 1152 2402 mancipiis
1169 2317 1284 2380 habuit.

92 2445 125 2488 ea
141 2427 315 2494 conditione
331 2431 364 2490 ut
380 2432 449 2510 post
461 2425 573 2490 obitum
587 2448 673 2490 suum
688 2433 717 2490 et
730 2429 830 2490 uxoris
844 2433 874 2490 et
888 2427 1009 2490 sororis
1024 2427 1160 2491 Heillccn
1177 2427 1286 2491 decca-

92 2557 157 2600 eum
173 2536 276 2598 eidem
293 2534 425 2598 ecclesie
442 2555 478 2598 ex
494 2537 614 2616 integro
631 2535 794 2598 deseruiat.
819 2534 872 2596 Cui
897 2535 943 2596 rei
964 2533 1174 2597 testificantur.
1201 2535 1289 2600 War-

91 2640 177 2708 maint
197 2645 240 2708 de
262 2643 438 2727 cclindorf
459 2645 509 2727 qui
538 2643 628 2705 etiam
651 2641 814 2724 delegauit.
843 2639 1017 2706 Roidwo‘nos
1038 2645 1147 2726 frater
1174 2643 1286 2730 ipsias.

90 2753 296 2817 Adclloolduo.
324 2751 523 2816 Diethurdoe
550 2753 591 2814 de
614 2751 777 2838 poaoicloe.
808 2751 1012 2815 Gcbetardus
1034 2751 1121 2836 pilius
1147 2751 1290 2836 predicti

91 2863 249 2928 cudwini.
269 2861 497 2926 Wcro'olcordoe
508 2860 596 2944 filius
611 2861 772 2924 Fridero‘ci
786 2860 952 2946 suoeipcoe.
979 2859 1142 2924 Eldwo'nus
1158 2861 1197 2922 de
1210 2879 1288 2946 poc-

91 2970 192 3036 niclte.
219 2971 378 3057 Ailpcruc.
405 2969 592 3034 Adeldcrtue
608 2969 648 3032 de
663 2969 803 3033 chambe.
828 2968 1038 3032 Bernhardoa
1061 2969 1102 3032 dc
1120 2967 1285 3054 poenicae.

95 3080 309 3146 Wcrnlaarduc
332 3081 373 3144 de
396 3077 612 3164 lenpenueldc.
637 3077 676 3140 Et
691 3079 731 3141 dc
746 3077 875 3141 nostris.
898 3077 1079 3164 Rudiperus
1094 3076 1134 3140 de
1147 3095 1285 3162 prunae.

89 3190 272 3254 Hortwicao
287 3189 327 3253 dc
342 3190 473 3254 brunae.
495 3185 667 3269 Wolslcerua
684 3185 741 3272 (de
757 3181 863 3268 uurte)
882 3189 912 3247 et
923 3185 1111 3250 Adelbcrtus
1124 3189 1154 3247 et
1166 3184 1285 3249 Sncllo.

97 3298 288 3363 Vollltrcdos
305 3301 336 3360 et
347 3299 455 3381 frater
470 3295 538 3360 cius
557 3294 733 3358 Wolthcrua
749 3294 789 3357 de
804 3293 943 3358 troiome.

574 3459 798 3533 CCLXXVlll.

102 3605 108 3614 ·
177 3585 244 3651 Sed
262 3591 292 3649 et
308 3586 366 3650 hoc
383 3583 526 3648 memorie
543 3583 809 3647 commendandum
824 3586 872 3646 est
888 3583 967 3668 quod
984 3581 1120 3645 dominus
1137 3582 1286 3646 Frideri·

90 3717 142 3761 cus
159 3696 200 3762 dc
216 3696 320 3760 tloiece
336 3699 366 3760 et
380 3715 468 3760 ocor
483 3693 552 3758 eiua
567 3693 682 3757 Heillco
700 3691 848 3756 dederunt
863 3695 968 3756 sancte
982 3691 1078 3754 Maris
1094 3691 1235 3774 predium
1248 3690 1285 3754 ad

90 3804 280 3870 lohcnwart
300 3809 332 3867 et
352 3803 467 3884 agellos
489 3802 539 3886 qui
557 3801 594 3864 ad
610 3803 730 3864 uincam
746 3800 953 3884 pertinuerant
969 3820 1026 3886 que
1044 3799 1209 3884 exstirpata
1226 3804 1283 3862 est.
1343 3817 1346 3824 ⁴

92 3914 232 3978 Tradidit
248 3917 279 3976 et
299 3910 494 3975 stabulariam
512 3913 628 3972 curtem
645 3909 682 3972 ad
700 3910 781 3973 tiacc
804 3929 870 3972 cum
888 3909 998 3974 ceteris
1015 3908 1130 3992 prediis
1148 3908 1211 3972 suis
1228 3907 1286 3972 hac

90 4021 158 4106 lege
174 4027 208 4086 ut
224 4025 295 4106 post
311 4019 473 4084 decessum
490 4039 574 4082 suum
593 4018 725 4083 ecclesio
738 4018 930 4085 Gotaeo‘ccnsi
945 4018 1106 4082 deseruiat.
1132 4018 1223 4080 Cuius
1238 4016 1285 4080 rei

89 4135 183 4194 testes
196 4131 240 4194 hii
253 4133 322 4193 sunt
333 4149 389 4212 per
401 4147 505 4192 aurem
517 4146 620 4190 omnes
633 4125 734 4191 idonei
745 4127 865 4190 adsciti.
875 4127 1106 4215 Mepinlonrdua
1118 4127 1158 4191 de
1169 4126 1283 4191 liciace.

90 4241 274 4328 Piliprimos
289 4240 330 4304 dc
343 4239 475 4325 pintorf.
495 4232 684 4302 Olciorodos
709 4257 753 4300 ea·
772 4238 882 4300 cadem
905 4237 994 4302 oilla.
1018 4235 1229 4301 Bernhardua
1245 4237 1286 4300 de

87 4349 250 4436 poenicae.
264 4349 390 4435 Repeto
403 4349 444 4412 de
455 4345 699 4430 Zcoeintcodorfi
717 4345 880 4410 Dietricus
892 4346 933 4410 de
942 4346 1099 4434 princeos.
1112 4345 1285 4410 Heinricoe

92 4460 129 4524 de
144 4459 258 4523 tltiaac.
280 4457 444 4523 Dietodcua
465 4457 505 4520 dc
527 4455 638 4520 eodem
658 4455 748 4520 uilla.
775 4455 967 4521 Volllorodes
989 4463 1019 4520 et
1043 4455 1221 4520 Woltlacrue
1242 4455 1284 4520 de

92 4567 229 4633 nomme.
