3074 5094
1178 407 1254 478 329

65 575 148 640 elidit
168 580 353 660 protractio,
386 580 443 643 nisi
465 580 682 662 scripturarum
705 582 876 644 testimonio
902 581 1054 646 fulciatur.
1085 583 1182 663 Igitur
1199 604 1256 666 ego

67 684 268 750 Cbolbocbue
281 687 319 750 de
329 689 541 753 Hebenberolo
553 689 716 752 aduocatos
730 690 759 750 iu
773 688 860 752 bonis
873 695 944 772 apnt
957 691 1100 754 Sanctum
1114 693 1211 754 Vitum
1228 689 1255 776 ¹)

65 795 293 881 pcrtinentibus¹
303 796 338 858 ad
353 797 512 859 ecclesiam
527 795 782 869 Cbotwicensem,
800 798 838 859 de
854 801 932 862 scitu
947 805 977 861 et
994 812 1144 863 consensu
1155 801 1257 864 fratris

64 901 120 962 mei
134 903 260 968 Ditrici
279 903 422 986 profiteor
444 905 593 975 uniuersis
611 912 782 988 presentem
800 909 940 990 paginam
962 911 1156 993 inspecturis,
1177 909 1257 993 quod

62 1029 127 1074 cum
152 1013 338 1076 venerabilis
367 1013 503 1076 dominus
527 1015 729 1078 Hermonnac
752 1014 853 1078 Abbas
878 1017 915 1078 de
942 1017 1115 1081 Clrotcwico
1138 1019 1257 1080 nomine

63 1121 239 1182 monasterii
267 1121 313 1184 sui
335 1141 459 1203 grauem
482 1126 585 1184 eontra
607 1141 655 1184 me
683 1128 819 1185 moueret
835 1145 928 1206 super
951 1125 1128 1208 quibusdam
1146 1145 1258 1207 graua-

61 1227 195 1290 minibus
218 1231 420 1312 questionem,
454 1249 512 1312 que
538 1231 599 1292 suis
625 1229 793 1293 hominibus
818 1231 848 1292 in
874 1253 937 1294 mea
966 1233 1162 1298 aduocatione
1187 1237 1258 1316 aput

63 1333 208 1400 Sanctum
231 1337 330 1401 Vitum
353 1337 556 1400 residentibus
578 1338 737 1401 intuleram
759 1339 854 1401 minus
877 1340 978 1420 digne.
1000 1345 1185 1424 protestatus
1203 1360 1257 1403 suo

61 1449 91 1506 et
108 1448 280 1508 conuentus
298 1447 344 1508 sui
362 1446 480 1508 nomine
497 1446 724 1510 aduocationem
743 1449 837 1529 ipsam
855 1467 964 1510 uacare
981 1454 1011 1512 et
1027 1449 1063 1512 ad
1077 1455 1161 1512 terre
1174 1449 1260 1531 prin-

59 1553 162 1635 oipem
192 1551 372 1624 deuolutam,
401 1555 562 1637 presertim
592 1573 658 1616 cum
688 1553 818 1618 dilectus
847 1553 976 1618 Genitor
1007 1577 1089 1620 mens
1122 1557 1258 1620 dominus

57 1661 208 1725 Ditricus
231 1662 281 1744 pie
304 1663 525 1726 recordationis
555 1663 592 1725 de
620 1663 830 1728 Hobeubercb
853 1685 888 1726 se
911 1685 1043 1750 suosque
1065 1665 1195 1728 heredes
1220 1665 1259 1728 de

59 1790 119 1832 nnn
145 1768 336 1832 offendendis
361 1769 529 1834 bominibus
558 1771 693 1834 ecclesie
720 1791 827 1854 penam
851 1771 1033 1855 obligauerit
1058 1773 1099 1836 ad
1123 1773 1260 1844 eandem,

63 1897 161 1960 super
186 1897 244 1962 quo
268 1877 347 1940 idem
376 1879 512 1942 dominus
530 1879 623 1944 abbas
646 1880 798 1962 publicum
827 1881 952 1964 protulit
980 1879 1259 1966 instrumentum).

60 1987 176 2050 Verum
195 1990 392 2052 mesentiens
405 1989 434 2050 in
452 2009 541 2052 cansa
560 1990 694 2054 delicere
706 1995 879 2062 memorata,
897 1993 996 2073 gratie
1013 1993 1149 2054 etsauori
1163 1992 1259 2073 ipsius

59 2095 176 2158 domini
190 2094 306 2158 abbatis
319 2097 453 2160 totaliter
465 2117 512 2159 me
526 2097 659 2160 submisi.
686 2098 743 2180 Qui
756 2099 894 2162 auunculi
908 2101 965 2161 mei
981 2099 1090 2163 domini
1102 2099 1263 2186 Stephani

59 2203 98 2266 de
115 2204 266 2268 Mieoowc
279 2203 461 2269 Marschalci
477 2207 599 2276 austrie,
617 2209 648 2268 et
660 2207 783 2268 aliorum
797 2208 958 2270 amicorum
971 2227 1105 2270 meorum
1117 2207 1260 2290 precibus

9 2383 10 2386 Ἴ
57 2312 273 2376 fauorabiliter
287 2311 459 2384 inclinatus,
477 2333 525 2376 me
536 2334 591 2396 pro
607 2315 752 2378 aduocato
762 2316 872 2376 iterum
883 2317 1056 2398 resumpsit,
1074 2320 1104 2378 et
1116 2315 1260 2380 offensam

58 2422 272 2505 supradictam
293 2421 484 2504 integraliter
507 2421 660 2486 relaxauit.
698 2424 737 2486 m
763 2442 825 2502 ego.
842 2423 909 2485 vice
933 2443 1021 2486 versa
1045 2425 1081 2486 ad
1105 2443 1210 2487 omnes
1231 2427 1261 2486 et

55 2530 199 2612 singulas
214 2529 454 2602 obseruationes,
479 2551 553 2614 quas
566 2536 652 2614 pater
665 2551 750 2594 meus
763 2531 843 2595 dicte
860 2531 993 2594 ecclesie
1010 2551 1134 2596 seruare
1147 2531 1261 2616 promi·

56 2645 148 2704 serat
161 2658 208 2702 me
221 2639 320 2703 denuo
332 2637 525 2723 presentibus
539 2638 639 2721 obligo
655 2645 685 2702 et
702 2639 868 2720 adstringo.
882 2639 979 2703 Primo
997 2639 1128 2723 quidem,
1146 2642 1171 2703 si
1184 2641 1262 2704 ultra

55 2749 127 2813 iura
148 2747 354 2811 aduocationis
367 2747 469 2811 debita
488 2752 518 2811 et
532 2751 654 2821 statuta,
679 2768 735 2810 nec
754 2769 812 2810 non
825 2747 1017 2833 presentibus
1035 2753 1183 2820 annotata,
1201 2769 1260 2833 que

56 2861 279 2920 antecessores
289 2857 358 2926 mci,
368 2877 441 2920 auus
453 2855 638 2918 videlicetct
651 2861 736 2939 pater
747 2855 784 2918 ab
798 2857 918 2940 antiquo
930 2861 1090 2920 tennerunt
1103 2859 1133 2918 in
1143 2856 1260 2929 eadem,

56 2966 192 3031 colonos
208 2965 239 3026 in
263 2964 461 3027 aduocatione
478 2964 649 3027 residentes
667 2966 695 3026 in
721 2965 809 3028 unico
827 2985 956 3046 grauare
978 2985 1205 3048 presumpsero‚
1224 2964 1261 3028 ab

57 3073 148 3138 oruni
165 3073 232 3135 iure
250 3073 330 3156 quod
348 3075 377 3135 in
397 3073 463 3155 ipsa
480 3071 571 3136 michi
590 3071 881 3156 successoribusque
898 3074 973 3136 meis
991 3075 1134 3156 competit
1151 3072 1261 3136 cadere

57 3183 177 3257 debeo,
192 3181 269 3264 quod
281 3180 318 3242 ad
327 3185 406 3244 terre
418 3181 710 3263 principernpenilus
719 3180 1053 3264 deuolueturtamquam
1065 3181 1162 3244 libere
1171 3181 1261 3244 abso·

56 3291 172 3354 lutum.
195 3290 336 3352 Preterea
355 3307 531 3371 quecunque
548 3287 584 3350 ab
605 3288 737 3350 ecclesia
750 3287 956 3351 Chotwicensi
970 3309 1147 3372 quocunque
1165 3289 1260 3374 tytulo

55 3405 167 3470 teneo,
184 3403 253 3461 sunt
263 3395 400 3460 absoluta
417 3394 627 3478 eoelesie'ipso
644 3397 735 3460 tacto.
750 3397 826 3460 Sunt
839 3401 935 3459 autem
949 3396 1006 3458 hec
1023 3397 1087 3458 iura
1099 3417 1158 3480 que
1171 3397 1264 3459 michi

55 3509 343 3588 competuntetnon
355 3503 440 3568 ultra.
460 3502 610 3566 Videlicet
619 3510 745 3588 quatuor
753 3505 845 3567 modii
855 3525 951 3567 auene
961 3509 991 3567 et
1001 3524 1110 3566 nouem
1124 3509 1262 3568 metrete.

57 3615 130 3678 Sex
151 3613 240 3676 solidi
257 3613 446 3675 denariorum
464 3617 495 3674 et
512 3610 569 3673 duo
586 3613 710 3675 denarii.
733 3612 808 3674 Pulli
823 3614 929 3676 decem
950 3621 979 3676 et
1000 3631 1117 3675 nouem.
1140 3612 1186 3674 Ad
1207 3613 1263 3675 heo

57 3725 101 3788 de
120 3721 211 3784 Curia
230 3721 351 3804 plebani
365 3725 436 3804 aput
453 3722 594 3784 Sanctum
607 3721 705 3784 Vitum
721 3722 878 3810 soluentur
897 3721 989 3782 michi
1006 3721 1218 3784 uniuersaliter
1234 3725 1264 3784 et

55 3834 92 3894 in
106 3829 380 3911 totoquadraginta
395 3834 522 3892 metreta
538 3829 677 3909 siliginis,
693 3851 767 3892 unus
784 3851 891 3912 porcus
908 3828 1014 3890 melior
1027 3834 1095 3912 post
1112 3829 1263 3912 optimum.
1351 3881 1354 3889 .

56 3945 84 4004 Α
105 3938 238 4023 plebano
256 3933 361 4001 Sancti
383 3938 444 4001 Viti
462 3937 552 4001 nichil
570 3942 750 4020 extorquere
768 3938 865 4001 debeo
883 3938 940 3999 nisi
958 3937 1110 4020 inquibus
1129 3959 1162 3999 sc
1176 3938 1266 4000 michi

60 4047 215 4111 obtulerit
239 4050 404 4128 spontanea
428 4047 591 4110 voluntate.
617 4027 757 4110 Ceterum
781 4045 1004 4129 qualescunque
1022 4066 1166 4108 excessus
1188 4067 1265 4128 pena

58 4155 154 4236 digni
172 4135 250 4216 inter
264 4155 386 4216 colonos
404 4153 538 4217 ecclesie
555 4154 720 4236 perpetrati
736 4154 858 4224 fuerint,
884 4155 942 4215 due
962 4157 1064 4235 partes
1082 4153 1210 4217 emende
1229 4156 1266 4217 ad

57 4262 219 4328 dominum
246 4261 403 4334 abbatem,
429 4262 467 4324 ad
494 4283 541 4324 me
569 4283 642 4325 uero
673 4264 768 4325 tercia
796 4261 970 4344 pertinebit.
1015 4261 1165 4324 Extrauee
1195 4283 1266 4325 vero

58 4351 201 4457 persone
225 4391 279 4433 seu
304 4370 430 4443 advene,
453 4372 480 4434 si
497 4371 667 4434 hominibus
686 4369 819 4432 ecclesie
840 4390 1005 4451 granameu
1024 4377 1081 4433 aut
1095 4369 1268 4434 violentiam

58 4479 236 4548 intulerint,
263 4479 300 4541 ad
316 4499 363 4540 me
379 4499 456 4562 pena
470 4483 500 4542 et
516 4479 687 4542 satisfaccio
706 4479 896 4558 integraliter
912 4477 1115 4560 pertinebunt.
1140 4481 1268 4562 Insuper

61 4590 94 4652 si
120 4587 209 4672 culpa
231 4607 298 4649 mea
315 4589 454 4669 exigente
479 4587 587 4671 predia
612 4586 743 4650 ecclesie
761 4587 980 4650 Chotwicensis
998 4587 1132 4650 desolata
1157 4588 1269 4650 fuerint
