3074 5094
1161 391 1235 462 283

68 556 238 612 hinsiehtlich
264 557 310 612 des
336 557 462 630 Siegels).
497 589 530 598 -
561 547 689 613 llberdies
721 556 854 613 erseheint
878 557 926 614 der
956 563 1032 615 untor
1060 562 1111 616 den
1136 565 1240 636 Zeugen

62 648 267 702 vorkommende
288 649 396 704 iltere
419 648 567 704 Udolrieas
584 656 682 722 stanno
699 649 809 719 (Streun
823 669 872 704 von
887 652 1065 722 Vallenetein)
1086 654 1132 708 mit
1150 655 1239 710 seinen

63 739 241 794 Sblrnenzum
255 741 351 794 letzten
370 741 421 794 Mal
442 741 475 794 im
493 742 573 794 dabre
597 743 681 806 1203,
709 743 757 796 der
784 742 800 796 J
807 747 936 812 tingere
968 742 1116 800 Udalricuo
1139 750 1236 800 strumo

61 849 121 885 rom
141 831 222 885 dabre
243 832 314 886 1207
333 850 364 886 an
383 832 421 885 als
442 835 653 890 marscalcus·
674 833 769 905 (Siche
788 835 838 886 loc.
854 834 898 888 cit.
922 835 950 888 S.
970 836 1070 890 boun
1095 839 1138 890 42.
1153 838 1180 891 S.
1194 839 1236 898 97.
1271 869 1274 874 ·

60 921 107 975 Nr.
131 922 174 976 65.
195 924 247 993 vgl.
271 923 297 976 S.
316 923 393 996 317.)

138 1015 166 1084 l)
189 1011 258 1068 Grai
272 1014 387 1070 Diutold
404 1014 458 1069 111.
479 1032 527 1068 von
547 1015 631 1070 Picio
651 1014 714 1069 wird
733 1014 790 1068 hier
815 1033 863 1069 von
883 1015 969 1070 seiner
992 1017 1145 1070 Herrschaft
1162 1018 1237 1072 Har-

59 1104 130 1160 deolt
150 1123 183 1159 an
203 1106 251 1160 der
264 1105 360 1178 Thaya,
381 1106 411 1161 0.
430 1107 463 1160 Μ.
481 1107 519 1169 Β.,
539 1107 630 1160 ntchst
649 1107 695 1160 der
714 1107 874 1160 mithriscben
897 1089 1007 1172 (irenae,
1030 1108 1065 1162 dc
1091 1109 1238 1164 Hcrdeltlre

65 1198 193 1252 benannt
213 1227 245 1238 -
266 1198 383 1254 Ndheres
403 1201 469 1252 iiber
487 1198 529 1250 ihn
548 1199 592 1252 bat
611 1199 643 1252 Μ.
667 1198 720 1252 Filo
745 1199 771 1250 in
796 1199 843 1252 der
863 1199 1019 1254 Gcschiclnte
1042 1218 1089 1254 von
1113 1201 1237 1256 Michael-

65 1288 169 1340 beuern
185 1287 204 1340 l.
225 1288 252 1341 S.
272 1289 325 1342 238
340 1319 370 1328 —
385 1289 446 1350 atr,
465 1289 518 1342 253
539 1289 802 1358 zusammengestellt.

141 1379 175 1449 2)
195 1379 273 1432 Siehc
292 1379 333 1435 die
346 1380 553 1450 Erlt'uterungcn
571 1399 628 1434 aum
645 1381 791 1434 Saalbuche
813 1381 858 1435 Nr.
878 1379 974 1436 ucvn.
995 1380 1110 1438 cctxtl.
1123 1383 1238 1439 CCCXV.

612 1555 691 1642 mr.

58 1744 138 1816 12⁰2,
163 1743 267 1804 [ruma.
286 1776 320 1786 -
338 1746 386 1800 Die
405 1734 473 1800 loto
492 1745 618 1800 Wemher
635 1763 684 1798 von
706 1745 878 1800 Reid-Krene
897 1746 949 1800 und
966 1745 1062 1798 Richer
1080 1763 1129 1800 von
1147 1746 1237 1806 Zwetl,

57 1839 104 1892 die
119 1838 234 1908 Praipste
247 1836 359 1906 Sighard
371 1855 419 1890 von
434 1837 471 1890 St.
483 1837 573 1890 Pottsn
584 1837 635 1890 und
646 1835 708 1890 Otto
721 1854 770 1890 von
784 1837 823 1890 St.
839 1835 940 1890 Florian
953 1836 1006 1890 und
1018 1837 1122 1890 Konnad
1134 1837 1239 1890 Plarrer

54 1948 109 1983 von
128 1929 253 1982 Rusbach
275 1928 444 1982 entscheiden
468 1929 506 1982 als
528 1929 650 1982 erwihlte
668 1928 885 1982 Schiedsmdnner
910 1929 984 1981 einen
1006 1927 1089 1982 Streit
1107 1929 1234 1981 zwischen

56 2021 112 2074 den
126 2009 213 2072 ilbten
231 2019 357 2090 Reginold
379 2038 430 2074 von
450 2020 519 2073 Melle
544 2019 595 2071 und
614 2019 723 2072 Wezilin
747 2037 795 2072 von
814 2019 964 2089 Gdttweig,
983 2021 1048 2072 iiber
1072 2019 1121 2071 den
1146 2020 1234 2072 recht-

261 2113 346 2167 lichen
363 2113 449 2166 Reeitz
469 2113 617 2177 muldeins,
636 2131 667 2168 zu
682 2113 798 2166 Gunsten
813 2111 860 2188 des
874 2113 1020 2166 Letzteren.
1265 2129 1267 2135 ¹

585 2259 716 2320 [ongum]

156 2406 188 2468 ln
210 2405 336 2468 Nomine
359 2405 468 2468 domini
493 2406 587 2470 nostri
614 2406 687 2469 deso
709 2405 830 2469 Christi.
882 2405 923 2470 W.
946 2405 983 2468 de
1005 2412 1118 2470 sancto
1145 2427 1239 2472 cruce

55 2521 90 2578 et
103 2517 142 2578 R.
162 2515 191 2576 in
210 2518 320 2580 zwetel
340 2515 472 2587 abbates,
491 2519 521 2576 et
537 2516 569 2580 S.
588 2515 682 2578 sancti
693 2515 808 2599 ypoliti
823 2520 853 2578 et
873 2517 907 2580 0.
926 2515 1158 2603 sanctislorioni
1167 2536 1238 2600 pre-

54 2623 162 2708 positi,
182 2628 213 2686 et
230 2625 262 2687 Ο.
278 2625 434 2711 plebanus
449 2623 479 2685 in
495 2622 652 2705 Ruopacb,
676 2621 735 2686 fido
751 2623 900 2705 presentis
913 2622 1020 2704 scripti
1036 2627 1094 2686 tom
1112 2644 1238 2707 presen-

54 2737 134 2797 tium
159 2753 243 2818 quam
265 2733 430 2796 futurorum
454 2732 596 2794 memorie
618 2731 856 2795 commendamus
878 2737 909 2794 et
929 2737 1135 2816 protestamur,
1160 2733 1237 2818 quod

55 2861 129 2904 cum
158 2861 257 2913 causa,
275 2861 332 2925 que
361 2842 439 2903 inter
461 2839 603 2902 Abbatem
633 2845 664 2903 et
692 2840 847 2903 ecclesiam
871 2818 1101 2914 Mcdliccnocm,
1126 2848 1156 2905 ct
1179 2841 1238 2906 Ab·

57 2951 165 3014 batem
187 2959 218 3014 ot
248 2956 423 3014 conuentum
450 2950 675 3014 Kotroioenoem
697 2970 786 3034 super
809 2949 915 3033 predio
936 2953 965 3014 in
987 2953 1076 3036 Myro
1100 2951 1240 3016 uerteba-

56 3066 125 3133 tur‚
153 3059 238 3122 nohis
261 3061 357 3123 sancti
381 3057 486 3142 ypoliti
512 3063 541 3120 ot
565 3059 660 3122 sancti
676 3059 789 3122 lloriani
813 3061 974 3143 prepositis
997 3068 1028 3124 et
1049 3063 1081 3127 C.
1100 3063 1238 3149 plebano

58 3171 95 3232 in
111 3169 262 3252 Ruopucb
287 3191 303 3232 a
320 3169 394 3232 sede
420 3166 582 3251 apostolica
600 3167 736 3251 delegata
753 3169 869 3240 fuisset,
895 3171 1138 3235 conuenientibus
1154 3171 1239 3234 nobis

58 3277 259 3362 etpartibus,
273 3283 303 3340 et
323 3275 445 3340 consilio
465 3275 590 3340 illustris
608 3278 691 3342 ducis
709 3277 830 3340 dustria
849 3277 1008 3362 Styrieque
1025 3281 1180 3362 Liupoldi,
1210 3286 1240 3342 ut

57 3388 132 3452 finis
151 3389 344 3470 inponeretur
359 3389 573 3460 controuersia,
594 3386 623 3450 in
639 3407 693 3451 nos
709 3386 838 3450 arbitros
855 3387 891 3451 ab
907 3393 1031 3472 utraque
1046 3395 1130 3472 parte
1142 3388 1239 3452 Abba-

58 3504 139 3570 tnm,
162 3499 316 3580 utriusque
335 3500 499 3560 conuentus
522 3495 617 3560 libero
642 3515 765 3558 assensu
782 3497 946 3562 accedente
969 3497 1025 3562 fuit
1047 3499 1241 3583 compromis-

57 3627 142 3677 sum,
168 3609 294 3691 utraque
311 3611 397 3690 parte
419 3625 473 3690 per
490 3603 662 3672 caucionem
684 3602 900 3668 fideiussoriam
917 3626 950 3671 se
969 3605 1054 3670 alteri
1076 3607 1111 3670 od
1133 3627 1237 3691 penam

55 3719 185 3780 centum
206 3713 371 3778 Marcarum
395 3713 557 3794 obligante,
580 3712 606 3774 si
628 3712 888 3795 compromissione
913 3715 942 3776 in
970 3714 1083 3779 irritum
1111 3717 1237 3782 deducta

60 3828 174 3887 nostro
190 3843 248 3886 non
261 3827 376 3886 starent
392 3823 523 3888 arbitrio.
548 3820 610 3884 Nos
625 3823 719 3903 igitur
734 3821 882 3906 inquisitis
896 3823 1072 3906 diligencius
1086 3827 1239 3909 utriusque

56 3953 157 3997 cause
181 3931 294 3995 uiribus
316 3937 347 3995 et
369 3931 514 3995 discussis
536 3933 689 4013 utriusque
706 3933 800 4014 partis
821 3933 934 3996 meritis
954 3939 983 3996 et
1004 3933 1238 4016 allegationibus,

56 4063 132 4106 cum
148 4047 252 4104 contra
267 4041 380 4104 titulum
394 4039 570 4111 donationis,
583 4059 669 4124 quem
684 4061 718 4103 ex
730 4040 888 4124 priuilegio
896 4043 1041 4108 Heinrioi
1050 4045 1239 4129 imperatoris

55 4151 165 4216 Abbas
187 4151 388 4214 Mcdlioensio
414 4148 452 4212 de
477 4149 581 4212 eodem
607 4149 710 4234 predio
732 4149 936 4233 pretendebat,
960 4152 1104 4216 Abbatem
1122 4155 1238 4218 Isotwi·

55 4283 190 4330 oensem
206 4261 384 4324 defenderet
400 4258 527 4340 longeua
544 4261 706 4344 possessio,
727 4267 756 4323 et
772 4265 888 4324 centum
905 4281 1044 4326 annorum
1060 4264 1239 4348 proscriptio
1310 4323 1312 4325 ,

54 4381 88 4438 et
106 4379 249 4458 preterea
267 4369 370 4432 titulus
387 4369 554 4432 donationis
573 4370 609 4432 nb
625 4371 774 4435 Heinrico
791 4371 990 4454 burchgrauio
1007 4379 1037 4435 et
1053 4373 1237 4458 postmodum

59 4485 98 4548 ab
112 4484 233 4549 Ottone
244 4479 340 4542 fratre
352 4499 405 4544 suo
422 4479 513 4550 lacte,
525 4501 589 4543 cum
603 4479 753 4543 additione
765 4480 834 4544 ville
850 4481 1064 4566 Obotccndorf,
1076 4481 1105 4570 ¹)
1121 4483 1238 4546 tandem

56 4595 98 4657 de
116 4593 300 4676 prudentum
321 4587 449 4650 virorum
474 4589 597 4651 consilio
617 4611 707 4674 super
724 4590 879 4672 premissis
900 4591 960 4654 tale
982 4593 1238 4674 pronunciauimus
