3074 5094
284 425 359 498 288

281 604 448 688 principum
464 605 552 668 decet
568 625 635 670 esse
652 607 835 681 industriam,
859 613 891 672 ut
908 607 986 693 quod
1008 608 1126 671 iusticia
1143 607 1239 670 dietat
1256 607 1293 671 ab
1317 609 1361 671 eis
1381 629 1458 672 cou-

281 713 412 778 firmetur
436 719 466 778 et
487 736 563 796 noue
584 718 745 782 exactionis
768 718 990 782 adiuuentioues
1013 723 1043 780 et
1058 737 1220 801 pauperum
1236 718 1456 801 oppressiones

281 825 429 888 mediante
451 826 566 889 ratione
586 827 790 910 inprobeutur.
821 828 891 891 lnde
910 831 965 901 est,
990 827 1069 912 quod
1092 827 1226 891 omnibus
1248 826 1360 892 Christi
1379 827 1458 890 fide·

280 934 359 999 lihus
382 941 440 998 tam
461 935 651 1019 presentibus
679 959 763 1022 quarn
785 939 891 1001 tuturis
907 943 1044 1000 constare
1066 935 1212 1007 uolumus,
1236 936 1315 1021 quod
1342 938 1456 1002 Wezilo

280 1044 382 1110 Abdus
405 1045 624 1111 Chotrciccnsie
655 1047 740 1110 nohis
769 1047 925 1110 admodum
954 1047 1079 1108 deuotus
1111 1044 1325 1128 querimoniam
1352 1047 1458 1128 sepius

281 1175 379 1218 coram
403 1153 487 1218 nohis
512 1155 660 1238 deposuit,
680 1155 757 1241 quod
777 1155 950 1219 marschalei
971 1154 1074 1226 nostri,
1098 1155 1148 1236 qui
1172 1174 1296 1217 auenam
1321 1153 1358 1217 de
1385 1176 1459 1238 pre-

282 1261 340 1326 diis
370 1264 590 1330 Cbotwicerrois
614 1264 743 1328 ecclesie
766 1264 927 1329 seeundum
955 1265 1102 1328 iusticiam
1126 1267 1207 1326 terre
1234 1269 1336 1326 nostre
1370 1262 1458 1327 nobis

282 1372 411 1436 debitam
429 1374 580 1454 colligunt,
598 1374 749 1438 maliciose
765 1376 899 1438 homines
917 1373 1047 1438 ecclesie
1063 1377 1198 1456 grauent,
1216 1373 1349 1458 eoquod
1371 1371 1459 1436 debi-

281 1487 338 1545 tam
364 1502 531 1546 mensuram
547 1483 577 1546 in
593 1485 767 1568 recipiendo
785 1505 874 1568 supra
891 1502 1057 1546 mensuram
1074 1482 1261 1545 excederent.
1300 1480 1394 1546 Cuius
1414 1486 1458 1546 rei

283 1591 470 1655 considerata
497 1592 635 1666 ueritate,
657 1594 724 1678 quia
744 1593 824 1656 Deus
852 1597 882 1656 et
904 1591 992 1656 timor
1019 1592 1075 1654 Dei
1104 1590 1190 1654 nobis
1218 1592 1247 1654 iu
1269 1612 1357 1655 causa
1381 1613 1454 1656 esse

281 1701 380 1773 dehet,
406 1721 442 1763 ne
463 1699 573 1765 clamor
591 1722 752 1787 pauperum
772 1706 873 1766 contra
892 1723 945 1766 uos
966 1702 1107 1766 ascendat
1129 1705 1159 1763 et
1182 1720 1252 1764 reos
1272 1720 1374 1764 coram
1398 1702 1457 1766 deo

280 1811 449 1882 constituat,
476 1830 593 1874 causam
622 1812 659 1874 de
682 1812 804 1875 consilio
828 1813 998 1895 optimatum
1022 1814 1190 1874 nostrorum
1220 1810 1340 1892 dignum
1366 1811 1457 1874 duxi·

279 1939 343 1982 mus
371 1919 600 1992 terminandam,
625 1926 657 1984 ut
681 1921 832 1986 maliciosa
856 1920 970 1984 exactio
990 1919 1027 1984 de
1057 1923 1158 1984 cetero
1187 1919 1400 2004 conquiescat,
1427 1927 1458 1984 et

279 2026 364 2092 nobis
386 2032 416 2092 et
438 2028 599 2092 heredibus
621 2031 728 2093 nostris
748 2030 859 2094 iustitia
881 2028 965 2092 illesa
989 2033 1170 2112 permaneat.
1194 2027 1357 2092 Statuimus
1377 2047 1455 2110 ergo

279 2157 446 2200 mensuram
470 2139 507 2202 ad
529 2139 679 2206 dimidium
696 2140 823 2203 modium
846 2139 1023 2223 ypolitensis
1040 2137 1107 2210 fori,
1131 2137 1180 2222 qui
1196 2137 1265 2200 dato
1288 2137 1455 2220 priuilegio

278 2247 412 2332 presenti
427 2247 458 2310 in
473 2269 529 2311 usu
545 2247 610 2322 fuit,
635 2268 693 2333 que
710 2248 794 2312 nobis
812 2253 842 2312 et
858 2246 1048 2331 optimatibus
1064 2246 1175 2310 nostris
1198 2246 1275 2310 bene
1289 2247 1457 2312 mediocris

278 2356 404 2440 placuit,
436 2378 492 2442 que
513 2363 571 2420 tarn
596 2355 680 2420 uobis
706 2377 792 2442 quam
816 2357 982 2422 hominibus
1002 2355 1131 2420 ecclesie
1152 2361 1311 2439 competat,
1334 2361 1367 2420 ut
1391 2357 1457 2441 ipsa

278 2487 414 2532 mensura
438 2472 507 2552 aput
529 2466 733 2532 Marschalcos
756 2472 786 2532 et
807 2473 876 2551 aput
895 2466 1037 2532 hbbatem
1064 2465 1201 2550 predicte
1223 2463 1353 2531 ecclesie
1379 2486 1457 2531 con·

278 2581 425 2650 seruetur,
443 2584 473 2642 et
489 2579 552 2662 ipsa
567 2598 703 2642 mensura
717 2579 744 2642 iu
762 2597 832 2642 vase
844 2578 1007 2661 recipiatur
1023 2582 1135 2654 etcum
1151 2578 1269 2660 plenum
1285 2576 1375 2640 luerit
1392 2598 1456 2651 uas.

278 2688 356 2772 quod
372 2687 516 2771 reliquum
534 2687 625 2752 fuerit
640 2686 821 2759 detrahatur,
839 2690 870 2750 ut
886 2707 941 2750 nec
958 2686 1093 2752 homines
1110 2686 1240 2750 ecclesie
1262 2687 1291 2749 iu
1308 2687 1456 2752 soluendo

277 2797 392 2881 possint
418 2796 527 2881 aliquid
551 2795 725 2859 subtrahere
754 2816 811 2860 nec
843 2795 1021 2860 marschalci
1056 2795 1086 2858 in
1121 2795 1294 2879 recipiendo
1323 2794 1457 2860 debeant

277 2906 394 2970 modum
408 2905 564 2970 excedere.
582 2906 681 2968 Aueua
697 2909 793 2968 autem
810 2903 919 2977 dehita,
936 2904 983 2967 uel
1000 2903 1114 2969 denarii
1130 2923 1183 2987 pro
1200 2925 1292 2968 auena
1305 2904 1456 2978 soluendi,

276 3015 444 3098 ubicunqne
470 3015 547 3077 inira
569 2994 802 3077 iurisdictionem
829 3018 958 3076 nostram
990 3013 1093 3096 predia
1121 3012 1258 3077 Ecclesia
1285 3013 1366 3079 illius
1398 3017 1456 3080 sita

276 3125 408 3199 fuerim,-
434 3124 463 3186 in
491 3123 567 3185 festo
591 3122 623 3185 S.
647 3121 804 3186 Michaelis
826 3122 987 3185 secuudum
1011 3121 1106 3185 lorum
1129 3124 1273 3206 temporis
1294 3123 1374 3188 illius
1399 3146 1457 3209 per

276 3233 420 3298 hbbatem
443 3231 604 3296 soluantur.
635 3231 698 3296 Nec
719 3231 897 3295 Marsehaloi
923 3231 1016 3295 nostri
1039 3253 1093 3315 pro
1115 3231 1230 3294 ratione
1254 3252 1458 3317 expensarum

275 3346 344 3427 post
374 3342 470 3406 datam
499 3360 622 3404 auenam
651 3339 759 3425 aliquid
790 3341 918 3423 exigant,
948 3360 1001 3424 pro
1035 3339 1141 3425 quihus
1179 3324 1318 3424 expensis
1353 3340 1455 3424 ipsam

274 3470 441 3514 mensuram
457 3451 597 3512 maiorem
610 3449 775 3513 statuimus.
794 3448 867 3530 Quia
885 3469 957 3532 ergo
974 3449 1051 3513 hanc
1067 3453 1196 3514 nostram
1209 3450 1456 3514 constitutionem

275 3566 334 3623 tam
352 3563 422 3642 aput
444 3578 496 3620 nos
514 3578 600 3643 quam
618 3564 688 3641 aput
709 3557 838 3621 heredes
860 3563 977 3621 nostros
996 3565 1168 3641 perpetuam
1185 3557 1317 3622 volumus
1333 3557 1453 3624 habere

276 3668 460 3740 firmitatem,
486 3667 523 3730 de
545 3667 602 3732 hac
623 3671 723 3730 nostra
745 3667 952 3731 constitutione
974 3671 1142 3750 presentem
1163 3667 1301 3750 pagiuam
1326 3675 1477 3753 propter¹

277 3777 423 3842 firmitatis
440 3779 610 3841 memoriam
626 3777 855 3860 conscripsimus
869 3782 900 3839 et
915 3775 1007 3858 sigilli
1020 3778 1114 3840 nostri
1126 3777 1316 3860 inpressione
1328 3776 1455 3842 robora·

277 3887 382 3950 uimus.
418 3889 524 3952 Testes
552 3887 639 3952 huius
670 3886 715 3950 rei
748 3891 835 3950 sunt:
875 3886 1060 3952 llbrnberars
1092 3885 1192 3950 Abbas
1219 3885 1257 3948 de
1280 3885 1314 3950 S.
1344 3888 1453 3954 eruce.

280 3996 399 4062 otene
419 3995 517 4060 Abbas
541 3995 578 4059 de
608 3996 780 4083 lilipnueld.
806 3994 965 4059 dietricus
988 3995 1158 4079 prepositus
1179 3995 1454 4082 Nercaburpcnsis.

278 4106 424 4188 Magister
446 4107 617 4172 hainmaro
642 4106 679 4169 de
704 4106 825 4171 bethan>
847 4109 916 4168 tuno
936 4105 1079 4190 temporis
1096 4106 1240 4169 notarius.
1273 4107 1456 4192 Lcupoldus

276 4217 455 4300 capellanus.
466 4216 610 4282 tilbertus
622 4216 782 4279 decretista
803 4216 981 4280 Hadmurus
995 4215 1032 4277 de
1043 4215 1252 4302 Chunrinpen.
1267 4215 1457 4281 churdus

278 4327 393 4408 dapifer
416 4330 446 4388 et
474 4325 526 4388 hlll
555 4325 619 4389 eius
644 4325 821 4389 Chudoldus
845 4329 875 4386 et
899 4322 1108 4388 llbichurdus.
1132 4325 1301 4390 Heinricuo
1323 4324 1362 4387 de
1384 4347 1457 4390 cze-

277 4437 399 4524 binpeo.
436 4437 588 4520 liudolfus
615 4435 652 4498 de
671 4435 851 4522 putendorf.
887 4433 1009 4498 (drumm
1035 4441 1152 4498 strumo.
1177 4435 1394 4522 Marquurdus
1417 4435 1456 4498 de

276 4545 452 4632 lintperplr.
489 4545 657 4609 Heiumeue
682 4543 718 4606 de
735 4565 876 4630 protana.
913 4543 1082 4608 Helorinus
1109 4542 1146 4606 de
1167 4543 1305 4632 celbinp.
1343 4543 1454 4608 Datum

277 4673 351 4716 anno
393 4652 503 4715 domiui
540 4651 698 4716 ldlllesiuro
731 4653 931 4717 ducentesimo
972 4652 1157 4717 duodecimo.
1193 4651 1357 4718 Indictioue
1384 4651 1452 4718 XV.
