3122 5096
265 421 316 492 68

262 596 345 660 ducit
361 592 613 678 luntricbisdors.
632 599 662 656 et
674 613 729 676 per
741 613 900 658 ascensum
917 596 1001 660 lutee
1014 593 1068 658 uic
1083 595 1128 659 ud
1141 593 1329 681 strucinpiu.
1349 596 1382 655 et
1393 611 1455 655 eam

262 705 339 768 uiam
357 723 416 788 quc
432 703 471 766 de
487 704 665 792 ctroziupiu
681 703 718 767 ad
735 703 992 788 lontricbccdorf
1006 703 1089 768 ducit
1105 702 1219 788 absque
1235 703 1315 767 omni
1332 705 1457 766 contro·

260 812 362 876 uersia
379 813 410 875 in
425 831 510 875 usum
526 811 648 875 fratrum
667 812 803 876 cederet.
820 833 886 877 cnm
900 813 965 896 ipsa
978 811 1115 878 siluatica
1132 818 1285 896 terraque
1301 809 1454 874 incolitur.

262 920 302 984 Vt
318 921 375 985 hec
391 920 567 984 inconuulsa
590 925 737 1005 perpetuo
760 926 915 986 manerent
938 920 1064 984 adhibiti
1080 926 1149 985 sunt
1164 920 1209 983 hii
1229 924 1336 984 testes.
1361 918 1456 984 Heri·

261 1049 394 1095 mannus
409 1029 450 1093 dc
468 1028 668 1094 buutisbcim.
692 1030 915 1096 Bcrinburduo
930 1031 971 1095 de
987 1036 1088 1098 truce.
1110 1029 1205 1095 Wczil
1225 1030 1275 1114 qui
1295 1033 1368 1091 tnnc
1391 1032 1456 1090 erat

260 1139 443 1221 prepositus.
460 1139 703 1204 Murcbwcrdus
719 1139 760 1204 dc
774 1139 1015 1226 aconenpcbcle.
1031 1138 1191 1203 Amolduo
1203 1139 1243 1202 de
1253 1135 1456 1222 aoolfpecziu·
1545 1147 1546 1150 ’

259 1246 326 1332 piu.
351 1249 445 1311 Hunc
463 1249 571 1329 frater
592 1249 669 1312 eius.
693 1248 904 1314 Perimuuuus
927 1254 1035 1312 noster
1057 1246 1242 1331 familiaris.
1268 1247 1395 1332 Bopoto
1417 1244 1458 1308 de

260 1355 424 1420 chremisa.
448 1356 638 1442 Budipcrus.
661 1357 851 1422 Rudmcrus.
872 1357 975 1421 Sicco.
1000 1357 1083 1421 ouo.
1108 1353 1260 1418 Stabilinit
1280 1353 1360 1416 idem
1382 1353 1453 1439 epi-

260 1484 374 1550 scopus
390 1463 516 1528 candem
532 1465 733 1528 traditionem.
757 1473 789 1528 ot
808 1465 1035 1528 decimationem
1058 1464 1182 1526 aliarum
1203 1463 1371 1525 uinearum.
1395 1479 1455 1542 que

259 1571 291 1635 in
306 1592 395 1656 supra
412 1572 502 1637 dictis
519 1572 663 1637 limitibus
680 1593 738 1636 non
755 1577 825 1636 sunt
840 1574 956 1657 scripte
968 1573 1065 1638 libere
1080 1571 1264 1656 possideret.

760 1794 955 1866 cclxxiv.

349 1932 496 1996 Nouerint
511 1936 570 1996 tam
586 1935 737 2016 presentis
753 1953 841 2018 quam
856 1932 956 1996 future
972 1933 1161 2017 posteritatis
1177 1930 1295 1994 fideles.
1312 1929 1394 2014 quod
1407 1931 1455 1994 uir

259 2040 374 2106 nobilio
389 2041 573 2128 Piliprimuo
588 2042 629 2108 de
644 2042 822 2108 boueotetin
838 2046 997 2126 correptus
1014 2041 1186 2106 infirmitate
1203 2045 1234 2103 et
1245 2038 1349 2102 seculo
1363 2037 1455 2102 abre·

260 2149 398 2213 nuntians
416 2150 495 2234 apud
511 2171 575 2214 nos.
601 2150 756 2232 delegauit
777 2172 870 2235 super
887 2151 983 2214 altare
1000 2149 1032 2212 S.
1050 2150 1191 2213 Maricio
1207 2146 1455 2213 usumfratrihns

259 2257 310 2322 hic
333 2257 391 2321 deo
414 2258 618 2324 seruientibus
642 2259 821 2324 dominicale
844 2281 934 2324 unum
957 2259 1036 2322 iuxta
1064 2257 1241 2324 boucstetin
1262 2257 1361 2321 situm.
1387 2273 1456 2319 cum

260 2365 323 2428 suis
340 2367 508 2449 apendiciis
524 2369 629 2450 protis.
652 2375 684 2432 et
700 2367 795 2432 siluis.
815 2372 846 2432 et
861 2369 920 2432 tria
936 2365 1085 2431 beneficia
1102 2367 1131 2429 in
1149 2365 1256 2429 eodem
1272 2364 1351 2428 loco.
1375 2364 1457 2427 uilli-

260 2492 327 2537 cum
351 2473 446 2557 ipsius
472 2474 658 2539 dominicalis
676 2479 801 2540 cristan.
819 2477 860 2540 N.
875 2496 942 2540 cum
960 2475 1032 2539 filiis
1049 2480 1079 2539 et
1095 2474 1214 2538 filiabus
1230 2473 1302 2538 suis.
1327 2492 1456 2558 qnorum

257 2582 316 2645 hcc
333 2589 402 2646 sunt
417 2582 545 2647 nomina.
564 2555 730 2652 lldalricus.
748 2584 892 2668 Piligrim.
918 2583 1052 2648 Chuninc
1068 2588 1099 2647 ct
1115 2603 1251 2648 sororem
1267 2583 1333 2646 eius
1352 2583 1453 2670 (Trn-

258 2690 329 2774 tim)
348 2695 378 2754 et
394 2691 540 2774 Piligrim.
559 2693 651 2757 huius
667 2695 715 2756 rei
730 2700 827 2758 testes
843 2697 913 2758 sunt
928 2693 981 2756 hii.
1002 2693 1107 2757 Tiemo
1130 2691 1241 2779 (frater
1258 2692 1288 2754 P.
1298 2688 1452 2776 iligrimi).

263 2799 390 2864 Geruuc
407 2799 463 2885 (de
480 2799 630 2886 pielahe).
654 2804 808 2886 liudolfus
829 2799 1037 2887 (crezzinch).
1061 2803 1217 2885 Rudolfuo
1242 2797 1298 2885 (de
1319 2799 1456 2862 hauena-

258 2908 343 2994 ren),
357 2907 465 2974 Cbuuo
481 2908 538 2996 (de
550 2910 749 2996 ettirhouen).
765 2911 952 2999 Ekkipreht.
969 2911 1224 2976 Murcboourdue.
1234 2909 1453 2997 Eupilmums.

262 3017 333 3082 ouo
349 3017 524 3105 Eupilmcr.
541 3017 723 3083 lnuestiturc
739 3020 904 3105 liudolfus.
923 3020 1083 3086 Geruucb.

348 3123 471 3188 Addidit
497 3125 552 3190 s'ub
584 3127 701 3192 eisdem
732 3127 872 3192 testibus.
909 3129 946 3192 ll?
976 3127 1124 3222 mancipia
1156 3128 1217 3190 inn.
1256 3145 1312 3209 pro
1347 3145 1452 3189 censu.

259 3233 297 3298 V.
314 3233 516 3300 denariorum.

349 3343 431 3407 Hanc
448 3343 669 3427 delegationem
684 3347 755 3411 duc
769 3347 942 3412 Heinricuo
961 3350 1087 3424 (rasura)
1107 3343 1157 3408 die
1173 3342 1373 3407 confirmauit.
1391 3346 1453 3404 tra-

258 3452 334 3516 dens
356 3453 539 3536 potestatiua
562 3473 650 3517 manu
671 3473 763 3540 supra
786 3454 883 3519 dictas
907 3455 1091 3518 tradiciones
1114 3474 1207 3538 super
1228 3451 1324 3515 altare
1353 3451 1387 3514 S.
1410 3450 1452 3512 ld.

258 3578 358 3623 coram
374 3559 618 3624 ministerialibus
641 3561 715 3624 snis.
738 3562 787 3626 his
812 3565 916 3627 ascitis
940 3561 1080 3626 testibus.
1105 3563 1252 3627 Bamuut.
1268 3561 1451 3626 Heius-iou.

259 3666 474 3755 (mistilbach).
496 3669 658 3734 Heribord
672 3669 848 3758 (rosbech.)
874 3672 1066 3738 Cbcdclboc.
1091 3671 1266 3756 lriusridus
1281 3667 1450 3757 (asparin).

257 3777 414 3864 Ruprcbt.
437 3777 594 3862 liudolfus
617 3777 720 3863 (sun).
745 3755 924 3846 (ldulricuc.
950 3779 1006 3867 (de
1024 3779 1227 3866 suueringin).
1248 3779 1393 3844 Adulber
1413 3779 1452 3843 de

260 3885 479 3973 Clumpiudorfi

677 4149 681 4158 ,
764 4075 943 4147 CCLXXV.

349 4209 493 4274 blemoria
516 4232 533 4274 a
555 4209 695 4277 fidelihus
721 4215 913 4280 retinendum
940 4215 1020 4302 quod
1048 4216 1170 4301 qnidam
1195 4214 1386 4280 Fridcricuc
1412 4213 1452 4279 de

247 4317 339 4381 τίκτε
361 4338 428 4382 cnm
451 4339 540 4383 manu
563 4321 723 4408 comparis
745 4345 801 4389 crte
824 4326 865 4389 Η.
890 4323 1045 4404 delegauit
1069 4347 1160 4411 super
1182 4327 1277 4391 altare
1299 4325 1332 4390 S.
1358 4325 1452 4389 llario

256 4423 447 4490 beneficium.
464 4426 486 4489 l.
504 4427 541 4492 ad
557 4428 739 4497 bobinwort
754 4453 790 4496 eo
806 4437 912 4496 tenore
927 4438 960 4497 ut
975 4434 1021 4496 eis
1038 4455 1111 4498 usus
1127 4435 1309 4499 fructuarius
1327 4433 1452 4499 cederet

257 4531 329 4596 dum
342 4536 489 4598 uiuerent.
504 4537 551 4601 his
562 4539 691 4603 testibus
704 4539 857 4605 adhibitis.
872 4541 1068 4630 Mcpiuburd
1078 4540 1134 4628 (do
1146 4545 1243 4628 tizrc)
1262 4545 1451 4632 Wolflreruo.

259 4643 449 4710 Hcrtrcicus.
467 4645 555 4711 Eois.
573 4648 718 4713 Peneon.
735 4651 853 4715 Pcuuo.
