3074 5094
1289 21 1527 420 'l

278 614 360 665 susus,
379 593 566 658 counradus
588 593 626 657 de
643 593 830 681 Hurnpaclu
853 593 1032 657 Lectscinus
1056 592 1151 654 irater
1173 609 1255 652 suus.
1290 586 1414 652 Vlricus
1437 583 1469 646 de

275 704 364 784 sueri
384 701 480 765 etalii
497 723 583 786 quam
601 701 714 785 plures.
740 703 844 766 dotum
863 708 894 766 et
909 702 1009 765 datum
1025 701 1056 763 in
1075 699 1240 765 Chotwico.
1266 698 1351 761 Anno
1367 693 1469 758 domini

280 809 320 872 M.
331 807 500 874 coelicoli?
516 812 545 873 in
563 811 613 874 die
629 810 718 873 beate
734 810 807 873 dire
824 809 977 894 Martyris.
1323 813 1327 820 '

351 986 403 1038 Das
417 985 509 1056 Sicgel
522 985 691 1040 chunradi
711 986 751 1038 de
769 986 962 1039 Sumerowe
980 985 1064 1053 ltingt
1077 1000 1109 1036 an
1124 983 1208 1036 einem
1220 998 1272 1033 von
1285 979 1336 1034 der
1352 975 1469 1032 Urlnnds

277 1075 421 1129 lheilweise
436 1076 670 1146 abgeschniltenen
685 1074 817 1138 Streilcn3
837 1091 865 1128 es
878 1074 977 1144 gleicht
990 1073 1049 1128 dem
1062 1073 1104 1126 bei
1117 1071 1261 1124 llanthaler
1274 1071 1292 1122 l.
1307 1066 1468 1122 einoldi.

277 1163 322 1218 Nr.
336 1165 398 1218 lllll.
414 1165 528 1236 (lingeri
542 1166 575 1219 de
588 1165 749 1236 Sumcraw.)

350 1255 382 1327 l)
402 1256 474 1310 Jetzt
486 1257 640 1310 llarbnelr
661 1257 686 1309 in
701 1256 748 1308 der
762 1255 800 1308 Pi.
815 1255 855 1308 St.
868 1253 1017 1316 Leonlrard
1036 1253 1134 1306 unweit
1147 1254 1222 1306 Kolb.
1237 1250 1269 1304 0.
1282 1251 1326 1304 W.
1341 1251 1381 1302 W.
1394 1317 1398 1328 ι

348 1345 569 1409 Insubrorum,
582 1346 626 1400 10.
638 1345 706 1414 Aug.
721 1345 778 1416 (St.
787 1345 995 1416 Laurens-Tug)
1009 1343 1131 1396 erlsldren
1144 1342 1190 1396 ost
1203 1342 1252 1396 der
1262 1336 1469 1394 Chuleuberund

276 1434 367 1488 Ortolf
376 1436 432 1490 sein
445 1435 564 1498 Broder‚
584 1437 666 1490 Herm
680 1435 848 1506 llelmweig's
862 1436 952 1489 Sdhne
967 1433 1146 1495 reschaim,
1166 1433 1227 1486 dass
1240 1433 1321 1485 ihnen
1335 1431 1389 1483 Aut
1400 1428 1469 1481 Wnl·
1525 1471 1527 1506 p

275 1525 329 1595 ling
342 1526 389 1579 des
403 1526 597 1581 Gotteshauses
611 1529 674 1587 Gul,
693 1527 758 1592 „des
782 1544 813 1579 nn
836 1525 936 1598 (ohne)
959 1525 1095 1585 sechzich,
1118 1523 1190 1576 drew
1209 1523 1307 1592 phlunt
1328 1522 1400 1590 gella
1417 1517 1468 1572 sind
1526 1513 1527 1516 ’

276 1615 317 1686 (d.
337 1615 353 1667 i.
367 1618 384 1670 3
397 1616 436 1670 Pl.
451 1617 567 1687 weniger
580 1618 615 1672 60
628 1617 769 1687 Pleunige)
788 1617 839 1670 vnd
859 1617 907 1670 uui
923 1617 1049 1685 gestistcn
1068 1615 1162 1668 lrolden
1181 1615 1296 1684 gelegen
1316 1614 1351 1666 ist
1369 1613 1396 1665 in
1415 1611 1468 1663 den
1507 1679 1509 1682 y

277 1707 481 1770 „llorwach‚“
507 1708 607 1760 welche
629 1709 697 1760 noch
719 1707 789 1760 ihres
812 1706 917 1760 Vellere
937 1709 1020 1760 llerm
1040 1703 1189 1760 llartncid's
1202 1721 1253 1758 von
1268 1703 1406 1763 Sachsens
1421 1701 1467 1754 nnd

279 1797 350 1850 ihres
360 1797 454 1850 Vatcrs
468 1796 633 1850 llelmweilr's
647 1798 766 1850 Ableben
780 1797 839 1851 dem
852 1798 933 1851 soso
946 1797 1018 1865 ledig
1031 1797 1172 1867 geworden
1187 1794 1239 1848 und
1253 1794 1469 1862 snheimgeiallen

273 1886 341 1948 sind,
362 1887 409 1940 auf
426 1887 468 1939 dic
481 1887 600 1941 Frirbitte
620 1888 668 1941 der
688 1888 805 1956 llcrzoge
819 1888 945 1941 dlbrecht
958 1887 1011 1941 und
1031 1887 1093 1940 ooo
1113 1902 1163 1939 von
1182 1873 1340 1939 osterreich
1360 1883 1414 1936 und
1433 1900 1467 1934 nrn

272 1977 343 2030 ihrer
362 1977 544 2031 Dienstwillcn
563 1977 662 2032 wieder
675 1978 723 2031 aul
733 1979 889 2032 Lebenszeit
902 1979 1035 2032 verlielsen
1048 1979 1124 2031 habe.

798 2212 936 2282 LXXIV.

273 2371 349 2431 129³.
368 2371 408 2430 14.
429 2373 545 2446 August.
564 2373 649 2432 Wlon.
680 2407 718 2416 -
747 2375 876 2429 Hermann
890 2394 939 2430 von
952 2376 1145 2431 Wolllrerstorl
1160 2375 1273 2428 schenkl
1286 2375 1349 2428 dem
1364 2375 1467 2428 Goltes·

272 2465 353 2518 house
367 2465 392 2516 in
404 2464 538 2536 Goltweig
549 2465 590 2518 ein
600 2466 689 2520 Lehen
706 2485 737 2520 nu
750 2467 908 2531 Wisendorl,
929 2469 1024 2522 dassen
1038 2466 1159 2520 lnsassen
1169 2465 1286 2536 jahrlicls
1306 2467 1344 2518 32
1364 2466 1467 2519 Dienst·

538 2556 672 2626 pfennige,
691 2559 765 2610 sonst
778 2558 842 2610 uber
855 2558 941 2610 niehts
955 2577 986 2611 zu
1000 2558 1094 2611 leistcn
1107 2557 1201 2613 haben.

805 2683 941 2744 [migrans]

359 2850 474 2918 'Notum
497 2853 536 2916 sit
560 2854 710 2918 uniuersis
732 2853 898 2919 litterarum
922 2856 1112 2941 presencium
1136 2855 1380 2940 inspectoribus,
1397 2853 1465 2939 quod

275 2965 340 3048 Ego
357 2967 558 3030 Hermannus
579 2963 617 3026 de
638 2964 871 3049 Wolslscrsdorf
882 2964 920 3028 ob
935 2964 1144 3030 reuerenciam
1159 2963 1251 3028 beate
1270 2964 1411 3046 Virginis
1426 2963 1465 3027 dei

273 3074 430 3156 genitricis
455 3071 561 3144 llario,
587 3077 617 3135 et
639 3072 677 3136 ob
701 3074 911 3137 remissionem
934 3073 1113 3136 delictorum
1135 3092 1269 3136 meorum
1296 3079 1329 3136 et
1346 3074 1465 3136 omniun

272 3202 320 3244 me
349 3179 608 3261 consanguinitate
629 3181 843 3253 altinensium,
871 3202 960 3246 unum
983 3181 1161 3244 beneficium
1184 3181 1275 3244 situm
1297 3182 1328 3245 in
1357 3183 1465 3247 Wisen·

272 3292 353 3374 dors
363 3289 402 3376 ¹),
420 3288 604 3352 Monasterio
622 3288 733 3352 Sancte
749 3289 843 3352 Marie
859 3289 888 3351 in
907 3283 1062 3354 Chdtwico
1076 3295 1106 3352 ct
1123 3288 1270 3354 iratribus
1283 3289 1402 3354 ibidem
1417 3289 1465 3352 deo

271 3397 482 3462 famulantibus
505 3395 645 3478 delegaui
667 3395 764 3460 libere
789 3401 820 3460 et
845 3396 979 3460 absolute
1002 3397 1218 3480 perpetualiter
1241 3398 1464 3482 possidendum

269 3507 323 3570 tali
339 3507 415 3580 iure,
432 3505 516 3570 uide
533 3505 669 3589 predicto
686 3503 834 3568 beneficio
852 3505 1062 3569 Weruhardus
1079 3507 1111 3568 in
1122 3513 1223 3570 monte
1240 3511 1272 3570 et
1289 3529 1370 3572 uxor
1381 3507 1462 3592 ipsius

271 3613 439 3680 Gerdrudis
457 3617 488 3678 et
504 3634 607 3676 eorum
635 3635 831 3678 successores
853 3615 938 3678 aronis
960 3614 1088 3697 singulis
1111 3615 1142 3678 in
1158 3617 1236 3678 lesio
1254 3614 1343 3680 beati
1361 3616 1464 3681 dlicla·

267 3725 347 3788 helis
364 3723 502 3805 Triginta
518 3726 549 3785 et
561 3723 637 3788 duos
654 3721 795 3788 denarios
812 3724 930 3786 seruire
951 3723 1081 3787 debeant
1096 3743 1151 3806 pro
1163 3725 1305 3788 ser-uicis
1324 3727 1425 3790 debito
1439 3727 1462 3786 el

269 3837 426 3908 consueto,
443 3850 500 3894 nec
517 3825 666 3908 steuram,¹
677 3852 776 3916 neque
788 3831 1043 3915 pernoctaciones‘
1055 3830 1169 3915 aliquas
1183 3831 1221 3894 de
1234 3832 1308 3916 ipso
1324 3832 1460 3898 beneficio

268 3941 479 4027 inpendentes.
496 3939 655 4004 Protestor
672 3939 762 4003 etiam
779 3938 859 4023 quod
876 3938 986 4003 nullum
1003 3923 1232 4005 iusaduocacie
1249 3939 1386 4006 alicuius
1401 3959 1460 4027 pro·

269 4051 406 4133 prietatis
423 4049 460 4114 ad
478 4049 590 4113 merel
607 4047 645 4111 ad
662 4067 745 4110 meos
760 4043 891 4110 heredes
913 4047 944 4110 in
960 4051 1113 4130 posterum
1131 4043 1304 4113 dinoscitur
1320 4055 1459 4136 pertinere

267 4161 300 4223 in
319 4157 468 4222 beneficio
496 4161 663 4241 prenotato.
694 4155 725 4220 ln
756 4154 840 4218 curius
866 4157 910 4219 rei
936 4155 1140 4219 testimonium
1160 4165 1328 4240 presentes
1360 4161 1458 4224 litteras

267 4267 343 4351 ipsis
365 4266 436 4330 dedi
460 4265 559 4347 Sigilli
589 4263 648 4327 mei
681 4263 844 4327 munimine
868 4264 1034 4328 roboratas.
1065 4264 1175 4328 Testes
1201 4270 1283 4328 sunt.
1327 4269 1457 4332 Dominus

266 4375 453 4441 Fridcricus
474 4372 574 4438 dbbas
590 4372 804 4438 Medliccnss's.
823 4371 966 4435 Dominus
979 4372 1182 4437 Rcindardus
1198 4374 1338 4440 decanus
1358 4377 1457 4443 coco

267 4485 382 4550 densis.
410 4483 553 4546 Dominus
574 4481 692 4548 Vlricus
709 4481 841 4544 decanus
857 4469 1049 4546 Melicensis.
1074 4482 1219 4545 Dominus
1245 4483 1322 4549 Otto
1346 4484 1386 4548 de
1402 4483 1456 4550 ol·

268 4593 353 4680 disp.
373 4591 510 4655 dominus
532 4591 702 4656 luodwicus
721 4588 760 4652 de
786 4589 925 4678 Cclkinp.
951 4589 1088 4654 dominus
1113 4591 1197 4666 Otto,
1221 4591 1367 4658 dominus
1382 4592 1455 4659 llar-
