3074 5094
608 681 717 751 LXXl.

64 826 139 886 1209.
159 827 205 885 22.
220 828 389 899 September.
408 829 557 900 beneberg.
576 860 613 869 —
633 829 752 882 Leutwin
766 847 816 882 von
830 829 969 900 Sonnberg
988 829 1097 898 willigct
1116 827 1162 880 mit
1175 829 1263 881 seiner

64 918 179 972 Ehelrau
200 919 256 980 ein,
276 918 337 971 dass
357 917 400 970 die
422 919 663 987 Schwiegereltern
682 920 739 972 ihre
758 920 932 989 Besitzungen
952 919 978 971 in
997 919 1096 986 Gdsing
1113 919 1172 972 dem
1193 920 1262 971 Abte

64 1025 113 1061 von
128 1009 266 1078 Gdtlweig
278 1007 439 1072 vertentem
460 1010 528 1062 auch
543 1013 649 1078 entsagl
663 1028 691 1062 er
703 1011 746 1062 sor
759 1011 829 1072 sich,
848 1011 921 1063 seine
934 1010 1033 1062 Kinder
1045 1009 1098 1062 und
1111 1010 1198 1062 Erhen
1218 1011 1267 1062 auf

64 1098 155 1152 immor
168 1100 238 1152 allen
251 1099 373 1152 Rechten
390 1099 443 1151 und
457 1099 633 1170 Ansprdchen
649 1102 698 1152 auf
709 1101 751 1153 die
765 1103 912 1171 genennten
928 1101 1011 1152 Griter
1030 1101 1083 1154 und
1095 1101 1264 1171 verptlichtet

280 1190 337 1242 sich
351 1189 410 1243 dem
425 1190 505 1243 surra
519 1191 597 1244 dastir
611 1191 723 1244 Gewdhr
735 1193 787 1245 und
802 1191 905 1245 Schirm
918 1209 949 1245 zu
963 1192 1066 1245 leisten.

597 1299 731 1359 [originum

154 1450 220 1531 Ego
231 1451 413 1515 Leutwinus
426 1451 524 1514 dietus
540 1452 826 1529 deSomzenherola,
837 1473 893 1516 neo
907 1474 965 1516 non
979 1473 1050 1516 vxor
1062 1473 1127 1516 mea
1142 1453 1262 1518 domina

62 1561 228 1645 mycalae,
253 1565 359 1623 tenore
382 1562 573 1644 presencium
602 1562 780 1644 profitemur
803 1561 938 1625 omnihus
963 1563 1041 1626 hanc
1063 1563 1193 1626 litteram
1215 1566 1263 1626 in-

61 1669 235 1750 specturis,
262 1669 491 1751 quodpropter
526 1669 740 1732 necessitatem
763 1669 968 1744 imminentem
994 1667 1112 1731 domino
1137 1671 1263 1756 liugero
1327 1751 1330 1758 ,

61 1774 147 1837 dieto
162 1773 200 1836 de
215 1776 329 1846 Prant,
347 1795 455 1837 socero
472 1795 560 1847 meo,
582 1796 637 1839 nec
656 1797 714 1838 non
730 1775 850 1850 domine
866 1776 1052 1862 Murgan-ete
1067 1797 1134 1838 mee
1151 1778 1263 1848 socrui,

19 1875 23 1884 ’
60 1882 142 1945 bona
175 1881 328 1945 voluntate
351 1887 521 1946 nostrorum
553 1883 696 1946 heredum
726 1885 855 1946 omnium
882 1885 1057 1956 accedente,
1083 1906 1261 1948 consensum

62 1991 215 2062 dedimus,
228 1996 259 2055 vt
275 2012 378 2054 omues
393 1992 607 2074 possessiones
625 2012 695 2054 suas
712 1993 743 2053 in
757 1991 898 2056 Goanicla
914 1993 999 2064 sitas,
1014 2011 1082 2054 cum
1095 1993 1262 2066 ammiane,

60 2101 143 2184 quod
168 2101 199 2162 in
216 2100 290 2182 ipsis
312 2099 400 2164 bonis
425 2099 574 2163 hactenus
600 2101 804 2183 possederunt
830 2100 926 2164 libere
954 2105 985 2162 et
1007 2101 1117 2185 quiete,
1141 2101 1261 2165 domino

62 2209 223 2274 Heinrico
255 2207 420 2272 venerabili
452 2207 569 2282 Abbati,
599 2210 714 2294 totique
745 2211 908 2274 conuentui
938 2210 1063 2272 fratrum
1087 2209 1263 2273 Monasterii

62 2318 113 2381 St.
124 2317 221 2379 Mario
239 2317 268 2378 in
287 2317 462 2382 Choetwico
478 2337 533 2400 pro
551 2317 746 2401 quadraginta
767 2323 797 2381 et
817 2319 946 2400 quinque
968 2317 1053 2380 libris
1073 2319 1262 2382 denariorum

63 2426 234 2491 venderent
250 2425 467 2511 perpetualiter
480 2428 691 2509 possidendas,
708 2432 927 2512 protestantes,
942 2427 1019 2512 quod
1034 2426 1178 2510 prelibato
1191 2449 1264 2512 pos·

61 2534 222 2598 sessiones
242 2535 447 2618 prenominato
476 2534 594 2598 domino
613 2536 736 2623 liugero
753 2535 848 2619 patri,
871 2557 986 2621 sueque
1003 2537 1125 2618 coniugi
1143 2537 1262 2600 domine

62 2645 269 2730 Margarete,
286 2643 374 2706 Matri
396 2643 495 2706 uxoris
514 2663 581 2706 mee
603 2664 658 2728 pro
677 2645 914 2707 commutacione
930 2644 1075 2708 honorum
1092 2646 1214 2710 sitorum
1232 2647 1261 2707 in

62 2752 319 2817 Scbonenatraae
335 2755 365 2814 et
388 2751 418 2812 in
433 2752 613 2815 Rotcalaa'm
637 2772 694 2834 per
722 2741 870 2815 dominum
892 2754 1080 2818 Heinricum
1102 2753 1212 2817 dictum
1226 2755 1263 2817 de

58 2859 301 2925 Liechtenatain
317 2861 406 2935 facta,
432 2860 716 2949 inequiualenoiam
740 2865 810 2922 sunt
826 2860 951 2934 donate,
975 2882 1034 2945 que
1050 2857 1262 2946 possessiones

60 2969 234 3054 predictam
257 2969 405 3032 dominam
428 2969 645 3055 Margaretam
669 2969 736 3031 iure
760 2967 946 3032 hereditario
970 2970 1129 3055 respicere
1151 2990 1262 3033 nosce·

60 3077 186 3140 bantur.
210 3075 429 3164 Renunciamus
446 3078 547 3161 itaque
564 3098 632 3141 curn
649 3075 786 3140 omnibus
799 3079 912 3142 nostris
930 3075 1034 3140 liberis
1051 3084 1083 3141 et
1099 3078 1264 3142 heredibus

61 3185 148 3250 omni
163 3185 232 3257 iuri,
250 3185 328 3272 quod
345 3185 431 3249 nobis
447 3186 478 3248 in
496 3186 612 3249 eisdem
628 3185 873 3268 possessionibus
889 3186 1008 3249 ratione
1019 3187 1196 3251 hereditatis
1213 3192 1264 3252 aut

61 3295 225 3358 aduocatie
241 3295 271 3356 in
287 3297 514 3378 exspectatione
531 3294 716 3358 hereditaria
733 3301 907 3378 competere
922 3294 1091 3359 uidebatur.
1107 3293 1154 3357 Ne
1170 3295 1264 3376 igitur

63 3403 97 3464 in
119 3407 275 3484 posterum
291 3424 346 3488 per
367 3423 422 3466 nos
439 3406 490 3468 aut
506 3408 624 3466 nostros
642 3403 791 3474 heredes,
808 3403 929 3484 genitos
947 3406 978 3464 et
993 3400 1176 3484 gignendos,
1193 3423 1263 3484 pre-

63 3511 150 3574 dicto
173 3509 290 3572 domino
314 3510 423 3574 Abbati
451 3515 502 3573 aut
526 3511 755 3592 congregationi
779 3509 903 3574 fratrum
929 3511 1065 3574 eiusdem
1087 3509 1265 3574 Monasterii

65 3613 290 3682 Chdtwicensis
313 3619 440 3684 alieuius
457 3620 659 3703 impeticionis
683 3625 734 3683 aut
754 3620 866 3684 erroris
890 3619 1049 3702 scrupulus
1069 3619 1192 3691 oriatur,
1210 3639 1265 3682 nos

62 3730 97 3792 in
122 3729 249 3792 tutelam
276 3732 305 3792 et
330 3729 535 3792 defensionem
558 3727 636 3814 quod
661 3730 829 3810 vulgariter
843 3749 950 3810 power
968 3733 997 3792 et
1013 3728 1138 3792 acherm
1154 3727 1266 3792 dicitur

63 3839 147 3902 iuxta
158 3842 241 3901 terre
258 3838 504 3902 consuetudinem
520 3839 549 3900 in
563 3837 649 3902 honis
666 3837 835 3920 prehabitis
852 3837 991 3920 predicto
1008 3837 1192 3900 Monasterio
1210 3836 1265 3900 ob-

63 3948 206 4030 ligamus,
219 3946 251 4009 in
266 3948 466 4011 testimonium
492 3951 522 4011 et
543 3947 690 4012 cautelam
716 3953 890 4030 presentem
914 3947 1044 4009 litteram
1068 3966 1135 4009 meo
1159 3947 1264 4027 sigillo

65 4056 240 4140 sigillisque
256 4057 387 4121 uirorum
404 4056 548 4120 nobilium
565 4055 616 4119 hic
640 4057 782 4139 appensis
807 4055 1022 4119 confirmando.
1048 4057 1158 4118 Testes
1175 4053 1264 4118 huius

63 4164 114 4229 rei
131 4170 210 4228 sunt.
227 4163 371 4227 Dominus
387 4165 559 4251 Pilpra'mus
575 4163 613 4228 de
631 4165 774 4250 Capella.
792 4163 935 4227 Dominus
955 4163 1144 4228 Wchardua
1160 4165 1263 4227 Heus-

64 4277 119 4340 ler-
139 4271 285 4357 plebanus
313 4273 342 4336 in
366 4275 497 4340 Nelcub.
530 4274 674 4336 Dominus
696 4275 869 4338 Heinricua
891 4272 1037 4354 plebanus
1065 4271 1094 4332 in
1111 4271 1261 4336 Sechaen.

64 4384 140 4446 Item
157 4381 383 4445 Ministeriales.
406 4382 549 4445 Dominus
564 4384 733 4448 Leutoldua
752 4380 790 4444 de
808 4381 971 4466 Chunrinq
988 4379 1122 4442 eiusdem
1135 4377 1262 4442 Cenobii

64 4493 242 4556 aduocatus.
272 4489 415 4552 Dominus
442 4490 567 4556 Ulricua
583 4491 621 4554 de
640 4492 781 4576 Capella.
808 4489 951 4551 Dominus
971 4489 1042 4552 Otto
1057 4487 1094 4549 de
1118 4489 1262 4552 Vallens-

66 4601 150 4685 dors.
184 4599 330 4662 Dominus
358 4598 477 4664 Vlra'cus
508 4598 546 4661 de
569 4602 667 4665 Hooo.
692 4597 836 4663 Dominus
857 4595 1064 4662 Eberhardua
1082 4594 1261 4660 Hurluach.
