3122 5096
1081 337 1105 404 ἦ
1228 347 1293 422 21’

86 523 195 586 dictum
211 524 250 586 ad
267 523 362 586 altare
379 523 412 586 S.
431 523 525 587 Marie
541 523 699 606 mancipiis
717 543 893 608 possessum
909 526 941 587 in
957 544 1043 589 usum
1060 523 1204 597 fratribus
1222 525 1280 589 deo

87 631 136 693 hic
154 635 185 694 et
201 631 301 694 eidem
318 621 506 712 genitrici
480 653 544 695 erus
562 631 613 694 die
629 635 700 695 noct
702 652 780 716 uque
796 631 1009 696 seruientibus
1034 631 1128 697 Huius
1144 632 1284 696 traditio-

10 825 11 832 *
86 739 130 802 nis
147 744 245 802 testes
263 741 339 802 satis
357 739 459 803 idonei
475 739 505 802 hi
523 743 599 802 sunt
608 737 744 804 adhibiti.
769 741 989 806 Heinriemsct
976 741 1141 805 t'frater
1114 762 1179 804 erus
1195 741 1280 828 So'pi-

85 847 206 912 bardus
215 846 270 910 liln
280 848 399 912 scilicet
407 847 579 934 Saqcbordo
588 844 852 912 comitatensis.
866 849 1059 1000 Mepinbort.
1063 851 1279 937 Gampoldas.

85 955 194 1040 aliique
211 975 304 1042 quam
315 955 433 1039 plures.

542 1101 543 1106 ¹
625 1076 735 1146 LXXI.

170 1207 318 1272 Nouerint
330 1208 465 1271 uniuersi
478 1211 582 1270 sancte
595 1207 727 1270 ecclesie
739 1205 802 1270 lilii.
820 1207 948 1292 qualiter
960 1208 1082 1292 quidam
1093 1209 1280 1297 Piliprc‘mua

83 1337 136 1401 pro
153 1317 318 1381 dilectione
335 1315 388 1378 tilii
406 1317 453 1378 sui
471 1311 636 1380 deorodi
659 1316 820 1381 uobiscum
842 1317 876 1380 in
898 1319 1092 1384 monasterio
1110 1318 1279 1384 educandi.

82 1425 204 1488 tradidit
228 1424 367 1507 predium
390 1423 538 1509 quoddam
562 1423 663 1488 borne
693 1423 804 1487 dictum
828 1425 858 1486 in
880 1445 998 1488 manum
1023 1427 1146 1491 ottonis
1169 1427 1280 1490 nobilis

82 1535 138 1596 uiri
155 1532 358 1614 delegandum
375 1531 412 1594 ad
429 1532 523 1594 altare
541 1531 573 1594 S.
592 1531 696 1594 Maris.
729 1531 815 1612 Quod
841 1531 895 1595 ille
915 1533 1101 1616 impediente
1125 1535 1279 1598 cuiusdam

82 1642 126 1703 rei
151 1640 309 1703 obstaculo
332 1639 460 1724 implere
483 1660 542 1703 non
572 1638 687 1724 ualens.
723 1640 854 1724 signauit
883 1640 1008 1704 eandem
1037 1641 1227 1705 traditionem
1249 1643 1281 1704 in

82 1769 197 1811 manum
227 1748 411 1836 libripendi
435 1748 557 1832 comitis
589 1747 790 1830 delegandam
818 1751 898 1812 sieut
925 1749 992 1834 ipse
1018 1754 1142 1831 rogatus
1170 1751 1278 1830 iuerat.

83 1855 167 1938 Quod
200 1858 232 1918 et
261 1857 374 1918 lactum
407 1860 463 1918 est.
504 1855 597 1919 Huius
629 1855 799 1919 traditionis
837 1857 945 1920 adsunt
975 1862 1071 1920 testes
1104 1858 1279 1943 conscripti.

85 1965 230 2031 Volcbolt.
247 1963 477 2050 Erebicprclrt.
494 1964 656 2030 Anabolm.
674 1963 794 2029 Suelio.
815 1967 896 2030 Otto.
914 1969 945 2028 et
961 1965 1021 2030 alii.

613 2133 737 2203 LXXII.

166 2263 316 2328 Nouerint
352 2283 455 2326 omnes
489 2267 593 2326 sancte
626 2261 760 2326 ecclesie
792 2263 910 2328 fideles.
938 2263 1067 2348 qualiter
1098 2265 1276 2352 Liopoldos

79 2373 220 2438 morcbc‘o
248 2375 357 2454 rogatu
385 2371 497 2435 domini
525 2371 641 2434 abbatis
671 2375 701 2434 et
729 2373 863 2450 fratrum.
896 2373 971 2435 fecit
999 2373 1175 2438 diuisionem
1199 2374 1275 2438 silue

21 2487 23 2492 '
77 2481 235 2547 Nortwalt
262 2501 351 2564 quam
380 2479 516 2543 dominus
545 2477 732 2544 Alcmaeone
766 2481 928 2563 episcopus
963 2482 1088 2546 tradidit
1115 2482 1152 2546 ad
1181 2481 1275 2546 altare

79 2590 109 2652 S.
135 2589 242 2652 Marie.
275 2588 337 2652 Hec
362 2589 442 2651 enim
464 2587 549 2651 nobis
572 2589 671 2651 fuerat
696 2587 848 2672 aliquanto
871 2593 1009 2672 tempore
1031 2590 1143 2653 iniuste
1165 2589 1274 2653 ablata.

78 2699 130 2760 sed
151 2697 212 2762 deo
237 2697 396 2760 adiuuante
420 2717 476 2780 per
501 2697 657 2761 iuniorem
672 2699 708 2760 L.
726 2700 877 2760 restItuta.
910 2697 993 2761 Hanc
1018 2699 1108 2761 etiam
1132 2697 1276 2762 dirimens

78 2808 157 2890 cepit
179 2825 195 2867 a
217 2805 308 2869 fluuio
332 2807 384 2888 qui
406 2810 532 2868 uocatur
560 2805 749 2891 odicinpocb
774 2794 881 2869 uersus
907 2806 1101 2872 occidentem
1124 2807 1222 2891 posito
1247 2809 1278 2870 et

78 2916 233 2980 terminum
250 2915 365 2978 iaciens
381 2935 504 2980 omnem
528 2913 734 2979 Cbrcmisiom
761 2935 778 2976 e
800 2915 926 2996 regione
953 2913 1104 2978 fluentem.
1136 2914 1272 2978 Subinde

77 3024 222 3108 incipiens
240 3043 256 3085 a
272 3027 375 3086 monte
391 3025 441 3105 qui
464 3022 632 3086 metallicus
654 3021 882 3108 (superscriptum
896 3029 954 3082 est:
979 3023 1168 3108 oricpcrcb)
1194 3023 1273 3087 dici-

79 3136 124 3196 tur
140 3132 177 3194 ad
199 3133 374 3196 australem
395 3131 516 3217 plagam
539 3130 606 3194 sito.
632 3137 662 3195 et
683 3131 871 3216 pertendens
894 3129 932 3194 ad
954 3131 1032 3194 uiam
1057 3151 1115 3216 que
1135 3131 1217 3195 ducIt
1234 3131 1272 3195 ad

79 3241 183 3304 nouale
198 3240 432 3306 Cbotaoisrioti
447 3240 569 3302 dictum.
596 3219 687 3303 Cuius
705 3240 912 3322 diremptionis
930 3238 967 3301 ab
983 3240 1050 3323 ipso
1064 3239 1273 3324 sollempniter

79 3369 166 3432 super
183 3348 282 3412 altare
298 3348 330 3410 S.
349 3348 442 3410 Marie
460 3347 613 3412 celebrata
631 3352 678 3410 est
693 3329 825 3412 traditio.
849 3353 880 3410 et
898 3369 936 3411 ne
953 3367 1091 3431 umquam
1108 3352 1273 3416 temeretur

79 3457 220 3520 adhibitis
244 3456 373 3520 testibus
397 3455 581 3520 confirmata.
612 3475 738 3540 quorum
766 3456 824 3520 hec
853 3461 921 3520 sunt
947 3457 1073 3520 nomina.
1099 3457 1270 3544 Wcripont.

77 3566 229 3632 Dictmur.
250 3565 442 3631 Gotiscolcb.
462 3565 655 3648 presentibus
673 3565 763 3629 etiam
780 3566 843 3629 suis
859 3564 1105 3630 ministerialibus
1122 3564 1269 3647 plurimis.
1288 3599 1294 3610 ·
1321 3559 1327 3568 ’

606 3750 746 3820 LXXIII.

166 3891 316 3954 Nouerint
333 3910 436 3954 omnes
453 3889 636 3953 uniuersalis
653 3882 759 3953 matris
774 3889 907 3954 ecclesie
924 3889 1041 3954 fideles.
1067 3895 1127 3954 tam
1143 3911 1274 3976 presen-

78 3997 145 4060 tium
174 4003 251 4062 etas.
282 4019 369 4082 quam
402 3998 629 4062 succedentium
657 3999 757 4062 futura
784 3999 959 4080 posterItas.
993 3995 1123 4083 qualiter
1150 4000 1272 4085 quidam

78 4107 187 4170 nobilis
208 4106 315 4171 Waldo
340 4099 441 4170 coram
462 4106 648 4172 marchione
663 4107 699 4169 L.
717 4111 748 4168 et
764 4107 828 4171 eius
846 4127 992 4172 consensu
1009 4113 1133 4192 propter
1149 4113 1271 4192 pactum

79 4213 217 4278 uidelicet
244 4215 324 4299 quod
355 4215 494 4279 inierant.
523 4213 646 4278 tradidit
674 4214 781 4277 siluam
808 4217 954 4299 quandam
982 4217 1138 4296 uulgarica
1166 4216 1270 4298 lingua

80 4321 242 4387 Cbotiwolt
263 4322 372 4386 dietam
389 4323 426 4386 ad
444 4324 539 4386 altare
557 4323 589 4386 S.
609 4323 710 4386 Marie.
729 4325 807 4387 sicut
828 4325 938 4387 fratres
961 4325 1057 4388 nostri
1077 4343 1143 4386 cum
1161 4325 1270 4408 legatis

79 4431 139 4493 eius
155 4433 248 4494 certis
264 4433 402 4496 terminis
419 4431 632 4514 designauere.
658 4431 752 4512 Quam
775 4430 960 4496 dirimentes.
979 4437 1126 4516 ceperunt
1142 4434 1270 4517 aflupio

81 4537 252 4604 Cbrcma'sio
269 4539 404 4626 dicto-ad
417 4541 603 4605 orientalem
619 4539 740 4624 plagam
757 4541 945 4606 decurrente.
965 4547 996 4604 et
1008 4541 1166 4606 terminum
1182 4542 1269 4607 huius
