3094 5094
264 395 315 466 88

263 590 299 633 ex
317 589 374 653 quo
392 570 561 653 proprietas
577 569 685 632 montis
702 567 738 631 ad
756 568 853 652 ipsum
871 574 1034 652 spectaret.
1053 569 1143 633 etiam
1160 569 1413 633 ratiocinationes
1428 568 1462 632 ad

262 681 361 762 ipsum
378 681 519 762 spectare
532 677 688 742 deberent.
723 677 913 743 Postmodum
929 698 1002 742 uero
1020 683 1147 762 utraque
1164 698 1234 761 pars
1256 678 1288 740 in
1310 677 1373 742 hoe
1391 699 1462 743 eon-

263 787 346 850 uenit
360 785 439 870 quod
458 805 492 848 ea
510 805 568 871 que
584 805 640 870 per
656 785 797 850 iudicium
816 793 847 852 et
863 789 1039 853 sententiam
1057 793 1143 852 erant
1159 788 1273 853 decisa.
1299 789 1464 870 etiam'per

264 893 393 956 arbitros
418 891 566 955 amicabili
589 893 805 976 compositione
826 915 882 978 pro
909 896 988 960 bono
1010 895 1094 979 pacis
1117 895 1345 960 occiderentur.
1377 894 1466 958 Arbi-

263 1009 372 1068 tratum
390 1006 438 1066 est
453 1002 564 1086 itaque.
583 1002 663 1086 quod
680 1001 772 1066 abbas
789 1004 942 1088 predictus
959 1002 1102 1067 iratribus
1118 1003 1265 1086 predictis
1278 1003 1360 1066 XXX
1372 1003 1465 1068 libras

263 1111 446 1175 wiennensis
463 1115 582 1174 monete
598 1110 799 1193 persolueret.
817 1115 848 1175 et
864 1111 974 1174 fratres
990 1111 1121 1196 predicti
1137 1112 1195 1174 iuri
1207 1111 1318 1176 montis
1335 1112 1422 1176 illius
1439 1116 1467 1175 et

264 1221 421 1285 aduocatie
438 1239 526 1305 quam
542 1219 573 1282 in
588 1220 833 1303 possessionibus
850 1219 984 1286 eiusdem
1002 1220 1134 1284 ecclesie
1150 1221 1181 1282 in
1196 1221 1278 1285 uilla
1295 1220 1465 1286 otonem-

263 1329 359 1395 stetin
375 1328 435 1392 sibi
451 1331 670 1410 usurpauerant
685 1329 805 1410 penitus
820 1328 1074 1392 abrenuntiarent.
1091 1326 1171 1412 quod
1185 1327 1223 1392 ab
1236 1333 1366 1414 utraque
1381 1333 1466 1412 parte

264 1439 373 1502 factum
398 1436 485 1500 nobis
508 1436 653 1500 constitit.
678 1436 736 1499 boc
759 1435 953 1520 superaddito
979 1435 1058 1520 quod
1083 1434 1119 1498 ad
1143 1435 1287 1500 maiorem
1312 1435 1466 1500 firmitatis

266 1544 424 1611 cautelam.
448 1545 560 1608 iratres
585 1545 863 1627 compromiserunt.
886 1543 974 1608 side
997 1541 1103 1606 eodem
1127 1543 1193 1607 iure
1215 1562 1270 1626 pro
1288 1563 1348 1628 quo
1364 1549 1466 1608 trans-

267 1658 366 1719 actum
383 1657 441 1717 est.
459 1651 556 1738 aliqua
572 1653 779 1716 controuersia
795 1653 916 1717 oriatur.
938 1651 996 1736 ipsi
1021 1652 1133 1715 iratres
1158 1651 1197 1714 de
1214 1651 1343 1716 consilio
1361 1661 1466 1718 nostro

267 1762 392 1827 eandem
410 1760 647 1827 controuersiam
663 1761 766 1845 sopire
780 1763 948 1825 teneantur.

864 1901 995 1973 (Explicit
1007 1900 1098 1956 Codex
1111 1902 1219 1957 Tradit:
1239 1903 1271 1957 Α.
1287 1935 1316 1943 -

811 1995 956 2062 sequuntur
968 1992 1137 2048 'traditiones
1152 2011 1183 2048 ex
1197 1992 1297 2049 Codice
1310 1993 1358 2065 Β.)

748 2161 983 2257 oooxxxvu.

359 2303 469 2368 Notum
492 2303 532 2366 sit
557 2301 674 2366 cunctis
697 2299 846 2364 tidelibus.
872 2300 951 2386 quod
975 2300 1094 2384 quidam
1110 2301 1225 2366 Ludat.
1244 2300 1281 2364 N.
1299 2300 1339 2365 ob
1355 2303 1467 2367 furtum

270 2412 349 2498 quod
366 2413 441 2476 iecit
456 2414 487 2475 et
502 2409 674 2475 incendium
689 2409 813 2473 tradidit
828 2428 933 2490 agrum
957 2408 994 2472 ad
1019 2409 1114 2473 altare
1130 2410 1162 2473 S.
1182 2410 1278 2475 llarie
1294 2411 1377 2475 iuxta
1395 2414 1468 2478 Cra·

272 2529 409 2590 aesteten
425 2522 456 2584 in
471 2540 558 2584 manu
569 2519 684 2585 acoris
695 2540 751 2583 aare
767 2524 798 2582 et
805 2518 870 2604 filii
879 2519 931 2583 sui
942 2517 997 2581 sub
1010 2517 1057 2581 his
1070 2517 1210 2582 testibus.
1228 2521 1336 2586 Liuzo.
1351 2520 1468 2586 Snclto.

270 2632 437 2697 uolitant.
450 2629 564 2694 Riwin.
578 2628 641 2692 Ino.
658 2625 842 2713 Sipifridaa.
856 2626 993 2710 aliusque
1005 2626 1192 2711 Siqifridua.
1208 2629 1352 2695 Wizetin.
1366 2631 1469 2696 Zeizo.

744 2811 996 2884 CCCXXXVlll.

363 2953 473 3018 Notum
491 2955 530 3017 sit
544 2952 678 3018 ecclesie
702 2950 773 3015 filiis
794 2956 855 3015 tam
876 2951 1079 3035 presentibus.
1103 2971 1191 3036 quam
1204 2953 1324 3018 futuris.
1342 2953 1473 3038 qualiter

274 3065 479 3132 Hadamarue
490 3064 531 3127 de
541 3062 713 3147 kunrinpin
720 3061 807 3145 fitius
817 3061 949 3126 Niconis
965 3081 1020 3145 pro
1033 3060 1168 3125 remedio
1181 3061 1280 3125 anime
1294 3063 1473 3129 Gerdrudsb

271 3175 387 3240 aaronis
402 3195 459 3238 suc
475 3170 629 3252 delegauit
644 3189 737 3252 super
753 3169 849 3232 altare
863 3169 895 3232 S.
913 3169 1009 3233 llarie
1021 3170 1158 3254 predium
1173 3189 1260 3234 suum
1276 3173 1307 3234 in
1324 3171 1399 3235 uilla
1417 3191 1472 3256 que

275 3278 487 3365 Cboineadorf
504 3279 616 3343 dieitur
637 3277 779 3364 positum.
803 3297 870 3341 cum
892 3279 1029 3342 omnibus
1054 3277 1253 3361 appendiciis.
1277 3297 1346 3342 eum
1378 3281 1471 3365 aquis.

273 3412 341 3456 cum
356 3392 462 3474 pratis.
480 3409 546 3454 eum
562 3387 649 3451 siluis
666 3391 697 3451 et
708 3386 818 3451 ceteris
831 3386 921 3449 huius
937 3385 1036 3471 predii
1048 3388 1238 3469 pertinentis.
1250 3392 1330 3465 (sic).
1349 3393 1474 3452 uetante

269 3503 378 3586 fratrc
400 3520 456 3565 ooo
478 3497 645 3585 Piliprimo
665 3502 697 3560 et
716 3495 918 3582 patruelibus
939 3495 1015 3560 suia.
1040 3495 1240 3561 adalberone
1262 3502 1294 3560 et
1308 3496 1472 3561 Heinrico.

274 3609 399 3674 Vineam
416 3627 535 3692 quoque
551 3607 582 3669 in
601 3605 682 3670 uilla
700 3604 840 3670 Cremcsi
860 3604 946 3666 sitam
972 3650 1217 3668 ........
1243 3603 1280 3666 ad
1297 3603 1474 3690 hospicium

270 3739 453 3808 pauperum
474 3713 607 3779 tradidit.
632 3713 726 3776 lluius
750 3712 926 3776 tradicionis
948 3716 1043 3776 testes
1060 3714 1147 3776 tracti
1164 3715 1234 3776 sunt
1250 3711 1303 3776 bii.
1327 3713 1475 3800 Piliprim

271 3832 380 3913 frater
406 3826 483 3891 eius.
510 3821 727 3910 Enpc'bcalcb.
762 3821 915 3904 llblflccr..
942 3820 1089 3886 Dietrieb
1112 3821 1201 3906 filius
1228 3821 1297 3886 eiua
1324 3821 1474 3886 Adulter.

277 3935 444 4002 Heinrich.
475 3933 613 4020 lepram.
644 3932 724 3995 Huc.
756 3929 920 3995 Adelrom.
950 3928 1172 3995 Marobuucrt.
1204 3929 1297 4016 Epio.
1333 3933 1365 3991 et
1393 3929 1476 3994 ciues

280 4047 486 4111 Cremseneee.
512 4037 712 4126 Eremprebt.
740 4039 822 4104 Otto.
849 4033 967 4103 Gr‘rizil.
995 4038 1077 4103 Otto.
1108 4037 1252 4122 Wolliscr.
1268 4037 1424 4124 lindiffer.

768 4223 989 4296 cccxxxix.

370 4371 480 4436 Notum
497 4371 537 4434 sit
552 4369 632 4434 omni
645 4366 776 4431 ecclesie
792 4369 852 4429 tam
873 4363 1009 4448 presenti
1031 4382 1119 4448 quam
1142 4379 1327 4426 successure
1350 4361 1478 4446 qualiter

280 4480 401 4568 quidam
439 4481 527 4543 homo
566 4477 644 4541 bone
681 4474 842 4539 voluntatis
873 4471 1042 4538 Bertoldus
1074 4471 1193 4534 nomine
1228 4488 1295 4533 cum
1328 4491 1478 4535 consensu

283 4595 315 4654 et
353 4591 383 4652 in
422 4587 576 4673 presentia
610 4572 731 4651 domini
768 4585 820 4649 eui
863 4581 1013 4666 Wolflceri
1049 4582 1089 4647 de
1123 4579 1286 4667 priblsipin
1327 4578 1479 4663 delegauit
