<?xml version="1.0" encoding="UTF-8"?>
<!DOCTYPE html PUBLIC "-//W3C//DTD XHTML 1.0 Transitional//EN"
    "http://www.w3.org/TR/xhtml1/DTD/xhtml1-transitional.dtd">
<html xmlns="http://www.w3.org/1999/xhtml" xml:lang="en" lang="en">
 <head>
  <title>
</title>
<meta http-equiv="Content-Type" content="text/html;charset=utf-8" />
  <meta name='ocr-system' content='tesseract 3.04.00' />
  <meta name='ocr-capabilities' content='ocr_page ocr_carea ocr_par ocr_line ocrx_word'/>
</head>
<body>
  <div class='ocr_page' id='page_1' title='image "./fontesrerumaust11kommgoog/fontesrerumaust11kommgoog_0093.png"; bbox 0 0 3122 5096; ppageno 0'>
   <div class='ocr_carea' id='block_1_1' title="bbox 262 347 313 418">
    <p class='ocr_par' dir='ltr' id='par_1_1' title="bbox 262 347 313 418">
     <span class='ocr_line' id='line_1_1' title="bbox 262 347 313 418; baseline 0.02 -1"><span class='ocrx_word' id='word_1_1' title='bbox 262 347 313 418; x_wconf 78' lang='lat'><strong>72</strong></span> 
     </span>
    </p>
   </div>
   <div class='ocr_carea' id='block_1_2' title="bbox 260 521 1467 1256">
    <p class='ocr_par' dir='ltr' id='par_1_2' title="bbox 260 521 1467 1256">
     <span class='ocr_line' id='line_1_2' title="bbox 261 521 1461 606; baseline 0 -20"><span class='ocrx_word' id='word_1_2' title='bbox 261 544 297 586; x_wconf 86' lang='lat' dir='ltr'><strong>ca</strong></span> <span class='ocrx_word' id='word_1_3' title='bbox 313 523 487 587; x_wconf 84' lang='lat' dir='ltr'><strong>conditione</strong></span> <span class='ocrx_word' id='word_1_4' title='bbox 502 525 536 585; x_wconf 89' lang='lat' dir='ltr'><strong>ut</strong></span> <span class='ocrx_word' id='word_1_5' title='bbox 550 521 624 584; x_wconf 85' lang='lat' dir='ltr'><strong>nulii</strong></span> <span class='ocrx_word' id='word_1_6' title='bbox 646 541 777 606; x_wconf 87' lang='lat' dir='ltr'><strong>unquam</strong></span> <span class='ocrx_word' id='word_1_7' title='bbox 791 523 823 584; x_wconf 92' lang='lat' dir='ltr'><strong>in</strong></span> <span class='ocrx_word' id='word_1_8' title='bbox 839 522 1018 586; x_wconf 86' lang='lat' dir='ltr'><strong>beneficium</strong></span> <span class='ocrx_word' id='word_1_9' title='bbox 1034 523 1231 588; x_wconf 87' lang='lat' dir='ltr'><strong>coucedatur.</strong></span> <span class='ocrx_word' id='word_1_10' title='bbox 1255 523 1297 588; x_wconf 83' lang='lat' dir='ltr'><strong>ut</strong></span> <span class='ocrx_word' id='word_1_11' title='bbox 1312 525 1341 587; x_wconf 84' lang='lat' dir='ltr'><strong>si</strong></span> <span class='ocrx_word' id='word_1_12' title='bbox 1357 523 1461 587; x_wconf 91' lang='lat' dir='ltr'><strong>uendi.</strong></span> 
     </span>
     <span class='ocr_line' id='line_1_3' title="bbox 260 629 1463 718; baseline -0.002 -22"><span class='ocrx_word' id='word_1_13' title='bbox 260 633 310 696; x_wconf 87' lang='lat' dir='ltr'><strong>uel</strong></span> <span class='ocrx_word' id='word_1_14' title='bbox 326 631 452 694; x_wconf 90' lang='lat' dir='ltr'><strong>cambiri</strong></span> <span class='ocrx_word' id='word_1_15' title='bbox 469 629 629 718; x_wconf 87' lang='lat' dir='ltr'><strong>aliquande</strong></span> <span class='ocrx_word' id='word_1_16' title='bbox 646 631 817 712; x_wconf 84' lang='lat' dir='ltr'><strong>contigerit</strong></span> <span class='ocrx_word' id='word_1_17' title='bbox 835 631 903 694; x_wconf 87' lang='lat' dir='ltr'><strong>sibi.</strong></span> <span class='ocrx_word' id='word_1_18' title='bbox 920 631 970 695; x_wconf 83' lang='lat' dir='ltr'><strong>uei</strong></span> <span class='ocrx_word' id='word_1_19' title='bbox 985 631 1076 695; x_wconf 88' lang='lat' dir='ltr'><strong>alicui</strong></span> <span class='ocrx_word' id='word_1_20' title='bbox 1093 632 1223 696; x_wconf 85' lang='lat' dir='ltr'><strong>affinium</strong></span> <span class='ocrx_word' id='word_1_21' title='bbox 1241 653 1368 696; x_wconf 91' lang='lat' dir='ltr'><strong>suorum</strong></span> <span class='ocrx_word' id='word_1_22' title='bbox 1384 653 1463 695; x_wconf 92' lang='lat' dir='ltr'><strong>uen-</strong></span> 
     </span>
     <span class='ocr_line' id='line_1_4' title="bbox 262 737 1463 823; baseline 0 -19"><span class='ocrx_word' id='word_1_23' title='bbox 262 741 350 804; x_wconf 89' lang='lat' dir='ltr'><strong>datur</strong></span> <span class='ocrx_word' id='word_1_24' title='bbox 365 740 415 803; x_wconf 83' lang='lat' dir='ltr'><strong>uei</strong></span> <span class='ocrx_word' id='word_1_25' title='bbox 430 737 608 802; x_wconf 75' lang='lat' dir='ltr'><strong>cambiatur.</strong></span> <span class='ocrx_word' id='word_1_26' title='bbox 625 743 657 800; x_wconf 87' lang='lat' dir='ltr'><strong>et</strong></span> <span class='ocrx_word' id='word_1_27' title='bbox 667 743 701 800; x_wconf 92' lang='lat' dir='ltr'><strong>ut</strong></span> <span class='ocrx_word' id='word_1_28' title='bbox 717 741 785 821; x_wconf 87' lang='lat' dir='ltr'><strong>ipsc</strong></span> <span class='ocrx_word' id='word_1_29' title='bbox 797 759 918 823; x_wconf 82' lang='lat' dir='ltr'>semper</span> <span class='ocrx_word' id='word_1_30' title='bbox 929 739 1069 804; x_wconf 89' lang='lat' dir='ltr'><strong>aduocati</strong></span> <span class='ocrx_word' id='word_1_31' title='bbox 1085 742 1131 804; x_wconf 92' lang='lat' dir='ltr'><strong>ins</strong></span> <span class='ocrx_word' id='word_1_32' title='bbox 1148 741 1177 802; x_wconf 93' lang='lat' dir='ltr'><strong>in</strong></span> <span class='ocrx_word' id='word_1_33' title='bbox 1191 740 1302 805; x_wconf 88' lang='lat' dir='ltr'><strong>codem</strong></span> <span class='ocrx_word' id='word_1_34' title='bbox 1315 741 1463 804; x_wconf 88' lang='lat' dir='ltr'><strong>obtineat.</strong></span> 
     </span>
     <span class='ocr_line' id='line_1_5' title="bbox 262 827 1467 936; baseline 0.002 -25"><span class='ocrx_word' id='word_1_35' title='bbox 262 849 356 912; x_wconf 84' lang='lat' dir='ltr'><strong>Huius</strong></span> <span class='ocrx_word' id='word_1_36' title='bbox 367 849 413 912; x_wconf 89' lang='lat' dir='ltr'><strong>rei</strong></span> <span class='ocrx_word' id='word_1_37' title='bbox 425 853 522 909; x_wconf 86' lang='lat' dir='ltr'><strong>testes</strong></span> <span class='ocrx_word' id='word_1_38' title='bbox 535 854 741 910; x_wconf 87' lang='lat' dir='ltr'><strong>accesserunt.</strong></span> <span class='ocrx_word' id='word_1_39' title='bbox 758 849 960 935; x_wconf 73' lang='lat' dir='ltr'><strong>Per-inparue.</strong></span> <span class='ocrx_word' id='word_1_40' title='bbox 977 849 1152 914; x_wconf 81' lang='lat' dir='ltr'><strong>Dictricac.</strong></span> <span class='ocrx_word' id='word_1_41' title='bbox 1170 827 1345 916; x_wconf 64' lang='lat' dir='ltr'><strong>(idulricaoe</strong></span> <span class='ocrx_word' id='word_1_42' title='bbox 1356 853 1467 936; x_wconf 60' lang='grc' dir='ltr'><strong>[ναίον</strong></span> 
     </span>
     <span class='ocr_line' id='line_1_6' title="bbox 261 933 1466 1043; baseline 0 -21"><span class='ocrx_word' id='word_1_43' title='bbox 261 956 440 1043; x_wconf 57' lang='lat' dir='ltr'><strong>ammai.</strong></span> <span class='ocrx_word' id='word_1_44' title='bbox 468 956 581 1019; x_wconf 76' lang='lat' dir='ltr'><strong>amaa</strong></span> <span class='ocrx_word' id='word_1_45' title='bbox 606 962 637 1018; x_wconf 76' lang='lat' dir='ltr'><strong>et</strong></span> <span class='ocrx_word' id='word_1_46' title='bbox 664 957 750 1020; x_wconf 66' lang='lat' dir='ltr'><strong>aaa</strong></span> <span class='ocrx_word' id='word_1_47' title='bbox 777 957 898 1020; x_wconf 71' lang='lat' dir='ltr'><strong>unua.</strong></span> <span class='ocrx_word' id='word_1_48' title='bbox 928 933 1111 1023; x_wconf 62' lang='lat' dir='ltr'><strong>danim.</strong></span> <span class='ocrx_word' id='word_1_49' title='bbox 1141 958 1180 1020; x_wconf 87' lang='lat' dir='ltr'><strong>ut</strong></span> <span class='ocrx_word' id='word_1_50' title='bbox 1200 959 1243 1021; x_wconf 74' lang='lat' dir='ltr'><strong>uir</strong></span> <span class='ocrx_word' id='word_1_51' title='bbox 1266 960 1309 1023; x_wconf 56' lang='lat' dir='ltr'><strong>aa</strong></span> <span class='ocrx_word' id='word_1_52' title='bbox 1332 959 1466 1043; x_wconf 72' lang='lat' dir='ltr'><strong>samua</strong></span> 
     </span>
     <span class='ocr_line' id='line_1_7' title="bbox 262 1064 1466 1155; baseline -0.001 -24"><span class='ocrx_word' id='word_1_53' title='bbox 262 1067 296 1131; x_wconf 88' lang='lat' dir='ltr'><strong>S.</strong></span> <span class='ocrx_word' id='word_1_54' title='bbox 313 1066 427 1131; x_wconf 67' lang='grc' dir='ltr'><em>Μανία.</em></span> <span class='ocrx_word' id='word_1_55' title='bbox 448 1065 530 1128; x_wconf 81' lang='lat' dir='ltr'><strong>otto.</strong></span> <span class='ocrx_word' id='word_1_56' title='bbox 549 1064 728 1129; x_wconf 83' lang='lat' dir='ltr'><strong>Odclricua.</strong></span> <span class='ocrx_word' id='word_1_57' title='bbox 752 1065 905 1152; x_wconf 75' lang='lat' dir='ltr'><strong>Rudipcr.</strong></span> <span class='ocrx_word' id='word_1_58' title='bbox 927 1067 1108 1131; x_wconf 80' lang='lat' dir='ltr'><strong>Bcrtoldaa.</strong></span> <span class='ocrx_word' id='word_1_59' title='bbox 1125 1068 1312 1132; x_wconf 76' lang='lat' dir='ltr'><strong>Ekkcra&#39;cuc.</strong></span> <span class='ocrx_word' id='word_1_60' title='bbox 1329 1067 1466 1155; x_wconf 74' lang='lat' dir='ltr'><strong>Sipifri·</strong></span> 
     </span>
     <span class='ocr_line' id='line_1_8' title="bbox 264 1173 732 1256; baseline -0.013 -15"><span class='ocrx_word' id='word_1_61' title='bbox 264 1178 324 1240; x_wconf 77' lang='lat' dir='ltr'><strong>dac</strong></span> <span class='ocrx_word' id='word_1_62' title='bbox 340 1175 497 1255; x_wconf 87' lang='lat' dir='ltr'><strong>ceterique</strong></span> <span class='ocrx_word' id='word_1_63' title='bbox 513 1173 732 1256; x_wconf 84' lang='lat' dir='ltr'><strong>quamplures.</strong></span> 
     </span>
    </p>
   </div>
   <div class='ocr_carea' id='block_1_3' title="bbox 764 1339 971 1412">
    <p class='ocr_par' dir='ltr' id='par_1_3' title="bbox 764 1339 971 1412">
     <span class='ocr_line' id='line_1_9' title="bbox 764 1339 971 1412; baseline -0.005 0"><span class='ocrx_word' id='word_1_64' title='bbox 764 1339 971 1412; x_wconf 69' lang='lat' dir='ltr'><strong>bosxxxv.</strong></span> 
     </span>
    </p>
   </div>
   <div class='ocr_carea' id='block_1_4' title="bbox 264 1478 1551 3841">
    <p class='ocr_par' dir='ltr' id='par_1_4' title="bbox 264 1478 1551 3841">
     <span class='ocr_line' id='line_1_10' title="bbox 356 1478 1466 1565; baseline 0.002 -22"><span class='ocrx_word' id='word_1_65' title='bbox 356 1478 499 1562; x_wconf 81' lang='lat' dir='ltr'><strong>Exemplo</strong></span> <span class='ocrx_word' id='word_1_66' title='bbox 522 1479 679 1562; x_wconf 88' lang='lat' dir='ltr'><strong>prouocati</strong></span> <span class='ocrx_word' id='word_1_67' title='bbox 700 1480 827 1562; x_wconf 89' lang='lat' dir='ltr'><strong>piorum.</strong></span> <span class='ocrx_word' id='word_1_68' title='bbox 854 1480 923 1542; x_wconf 87' lang='lat' dir='ltr'><strong>stilo</strong></span> <span class='ocrx_word' id='word_1_69' title='bbox 947 1480 1125 1545; x_wconf 75' lang='lat' dir='ltr'><strong>denotamus</strong></span> <span class='ocrx_word' id='word_1_70' title='bbox 1152 1482 1311 1546; x_wconf 82' lang='lat' dir='ltr'><strong>benefacta</strong></span> <span class='ocrx_word' id='word_1_71' title='bbox 1332 1483 1466 1565; x_wconf 90' lang='lat' dir='ltr'><strong>piorum.</strong></span> 
     </span>
     <span class='ocr_line' id='line_1_11' title="bbox 264 1587 1468 1672; baseline 0 -20"><span class='ocrx_word' id='word_1_72' title='bbox 264 1594 326 1652; x_wconf 87' lang='lat' dir='ltr'><strong>turn</strong></span> <span class='ocrx_word' id='word_1_73' title='bbox 353 1594 386 1652; x_wconf 91' lang='lat' dir='ltr'><strong>ut</strong></span> <span class='ocrx_word' id='word_1_74' title='bbox 411 1587 555 1651; x_wconf 87' lang='lat' dir='ltr'><strong>memoria</strong></span> <span class='ocrx_word' id='word_1_75' title='bbox 582 1607 686 1650; x_wconf 86' lang='lat' dir='ltr'><strong>corum</strong></span> <span class='ocrx_word' id='word_1_76' title='bbox 708 1607 831 1670; x_wconf 80' lang='lat' dir='ltr'>semper</span> <span class='ocrx_word' id='word_1_77' title='bbox 854 1589 966 1672; x_wconf 87' lang='lat' dir='ltr'><strong>uigeat.</strong></span> <span class='ocrx_word' id='word_1_78' title='bbox 992 1597 1053 1651; x_wconf 89' lang='lat' dir='ltr'><strong>tum</strong></span> <span class='ocrx_word' id='word_1_79' title='bbox 1073 1600 1106 1652; x_wconf 86' lang='lat' dir='ltr'><strong>ut</strong></span> <span class='ocrx_word' id='word_1_80' title='bbox 1127 1589 1190 1652; x_wconf 87' lang='lat' dir='ltr'><strong>litis</strong></span> <span class='ocrx_word' id='word_1_81' title='bbox 1204 1591 1421 1654; x_wconf 87' lang='lat' dir='ltr'><strong>controuersia</strong></span> <span class='ocrx_word' id='word_1_82' title='bbox 1437 1591 1468 1652; x_wconf 94' lang='lat' dir='ltr'><strong>in</strong></span> 
     </span>
     <span class='ocr_line' id='line_1_12' title="bbox 267 1695 1468 1786; baseline 0.002 -27"><span class='ocrx_word' id='word_1_83' title='bbox 267 1697 347 1760; x_wconf 91' lang='lat' dir='ltr'><strong>nullo</strong></span> <span class='ocrx_word' id='word_1_84' title='bbox 369 1695 455 1759; x_wconf 91' lang='lat' dir='ltr'><strong>nobis</strong></span> <span class='ocrx_word' id='word_1_85' title='bbox 478 1697 644 1778; x_wconf 88' lang='lat' dir='ltr'><strong>proueniat.</strong></span> <span class='ocrx_word' id='word_1_86' title='bbox 678 1697 845 1783; x_wconf 72' lang='lat' dir='ltr'><strong>Genioque</strong></span> <span class='ocrx_word' id='word_1_87' title='bbox 871 1697 965 1778; x_wconf 83' lang='lat' dir='ltr'><strong>igitur</strong></span> <span class='ocrx_word' id='word_1_88' title='bbox 992 1697 1033 1760; x_wconf 85' lang='lat' dir='ltr'><strong>dc</strong></span> <span class='ocrx_word' id='word_1_89' title='bbox 1055 1699 1218 1786; x_wconf 73' lang='lat' dir='ltr'><strong>reatiapa‘a</strong></span> <span class='ocrx_word' id='word_1_90' title='bbox 1244 1719 1301 1780; x_wconf 95' lang='lat' dir='ltr'><strong>pro</strong></span> <span class='ocrx_word' id='word_1_91' title='bbox 1328 1699 1468 1762; x_wconf 90' lang='lat' dir='ltr'><strong>remedio</strong></span> 
     </span>
     <span class='ocr_line' id='line_1_13' title="bbox 267 1803 1467 1892; baseline 0.002 -24"><span class='ocrx_word' id='word_1_92' title='bbox 267 1806 365 1868; x_wconf 90' lang='lat' dir='ltr'><strong>anime</strong></span> <span class='ocrx_word' id='word_1_93' title='bbox 387 1825 451 1868; x_wconf 88' lang='lat' dir='ltr'><strong>sue.</strong></span> <span class='ocrx_word' id='word_1_94' title='bbox 473 1803 655 1867; x_wconf 85' lang='lat' dir='ltr'><strong>beneficium</strong></span> <span class='ocrx_word' id='word_1_95' title='bbox 676 1803 714 1866; x_wconf 95' lang='lat' dir='ltr'><strong>ad</strong></span> <span class='ocrx_word' id='word_1_96' title='bbox 736 1806 898 1892; x_wconf 72' lang='lat' dir='ltr'><strong>raztinpin</strong></span> <span class='ocrx_word' id='word_1_97' title='bbox 923 1805 1047 1868; x_wconf 80' lang='lat' dir='ltr'><strong>tradidit</strong></span> <span class='ocrx_word' id='word_1_98' title='bbox 1070 1826 1163 1888; x_wconf 88' lang='lat' dir='ltr'><strong>super</strong></span> <span class='ocrx_word' id='word_1_99' title='bbox 1186 1807 1281 1869; x_wconf 87' lang='lat' dir='ltr'><strong>altare</strong></span> <span class='ocrx_word' id='word_1_100' title='bbox 1304 1807 1339 1870; x_wconf 91' lang='lat' dir='ltr'><strong>S.</strong></span> <span class='ocrx_word' id='word_1_101' title='bbox 1359 1807 1467 1870; x_wconf 79' lang='lat' dir='ltr'><strong>biario.</strong></span> 
     </span>
     <span class='ocr_line' id='line_1_14' title="bbox 266 1912 1468 1997; baseline 0.002 -19"><span class='ocrx_word' id='word_1_102' title='bbox 266 1916 335 1997; x_wconf 85' lang='lat' dir='ltr'><strong>lpso</strong></span> <span class='ocrx_word' id='word_1_103' title='bbox 352 1913 402 1976; x_wconf 91' lang='lat' dir='ltr'><strong>die</strong></span> <span class='ocrx_word' id='word_1_104' title='bbox 413 1912 478 1997; x_wconf 63' lang='lat' dir='ltr'><strong>filii</strong></span> <span class='ocrx_word' id='word_1_105' title='bbox 489 1913 639 1978; x_wconf 83' lang='lat' dir='ltr'><strong>Heinrici</strong></span> <span class='ocrx_word' id='word_1_106' title='bbox 649 1912 848 1996; x_wconf 74' lang='lat' dir='ltr'><strong>fleiacczzca.</strong></span> <span class='ocrx_word' id='word_1_107' title='bbox 864 1915 982 1978; x_wconf 82' lang='lat' dir='ltr'><strong>Emcat</strong></span> <span class='ocrx_word' id='word_1_108' title='bbox 993 1914 1120 1976; x_wconf 85' lang='lat' dir='ltr'><strong>seilicet</strong></span> <span class='ocrx_word' id='word_1_109' title='bbox 1144 1915 1239 1980; x_wconf 75' lang='lat' dir='ltr'><strong>Wcaa‘l</strong></span> <span class='ocrx_word' id='word_1_110' title='bbox 1249 1918 1280 1978; x_wconf 84' lang='lat' dir='ltr'><strong>et</strong></span> <span class='ocrx_word' id='word_1_111' title='bbox 1291 1916 1468 1980; x_wconf 79' lang='lat' dir='ltr'><strong>Heinrieaa</strong></span> 
     </span>
     <span class='ocr_line' id='line_1_15' title="bbox 267 2021 1469 2106; baseline 0.003 -22"><span class='ocrx_word' id='word_1_112' title='bbox 267 2042 322 2106; x_wconf 96' lang='lat' dir='ltr'><strong>pro</strong></span> <span class='ocrx_word' id='word_1_113' title='bbox 343 2025 501 2104; x_wconf 86' lang='lat' dir='ltr'><strong>pareutum</strong></span> <span class='ocrx_word' id='word_1_114' title='bbox 524 2039 647 2082; x_wconf 89' lang='lat' dir='ltr'><strong>suorum</strong></span> <span class='ocrx_word' id='word_1_115' title='bbox 669 2021 720 2102; x_wconf 87' lang='lat' dir='ltr'><strong>pia</strong></span> <span class='ocrx_word' id='word_1_116' title='bbox 740 2022 884 2084; x_wconf 89' lang='lat' dir='ltr'><strong>memoria</strong></span> <span class='ocrx_word' id='word_1_117' title='bbox 900 2027 932 2083; x_wconf 91' lang='lat' dir='ltr'><strong>et</strong></span> <span class='ocrx_word' id='word_1_118' title='bbox 947 2043 1002 2105; x_wconf 93' lang='lat' dir='ltr'><strong>pro</strong></span> <span class='ocrx_word' id='word_1_119' title='bbox 1018 2022 1228 2106; x_wconf 80' lang='lat' dir='ltr'><strong>redemptione</strong></span> <span class='ocrx_word' id='word_1_120' title='bbox 1244 2023 1347 2106; x_wconf 92' lang='lat' dir='ltr'><strong>predii</strong></span> <span class='ocrx_word' id='word_1_121' title='bbox 1364 2026 1469 2088; x_wconf 77' lang='lat' dir='ltr'><strong>errius-</strong></span> 
     </span>
     <span class='ocr_line' id='line_1_16' title="bbox 269 2128 1467 2215; baseline 0.001 -22"><span class='ocrx_word' id='word_1_122' title='bbox 269 2131 336 2193; x_wconf 93' lang='lat' dir='ltr'><strong>dam</strong></span> <span class='ocrx_word' id='word_1_123' title='bbox 361 2129 398 2191; x_wconf 93' lang='lat' dir='ltr'><strong>ad</strong></span> <span class='ocrx_word' id='word_1_124' title='bbox 419 2129 627 2215; x_wconf 71' lang='lat' dir='ltr'><strong>merebiapa&#39;a.</strong></span> <span class='ocrx_word' id='word_1_125' title='bbox 649 2128 730 2212; x_wconf 89' lang='lat' dir='ltr'><strong>quod</strong></span> <span class='ocrx_word' id='word_1_126' title='bbox 753 2129 813 2192; x_wconf 85' lang='lat' dir='ltr'><strong>iarn</strong></span> <span class='ocrx_word' id='word_1_127' title='bbox 838 2129 889 2192; x_wconf 92' lang='lat' dir='ltr'><strong>diu</strong></span> <span class='ocrx_word' id='word_1_128' title='bbox 912 2135 1056 2212; x_wconf 89' lang='lat' dir='ltr'><strong>parentes</strong></span> <span class='ocrx_word' id='word_1_129' title='bbox 1079 2130 1213 2214; x_wconf 89' lang='lat' dir='ltr'><strong>ipsorum</strong></span> <span class='ocrx_word' id='word_1_130' title='bbox 1234 2153 1289 2215; x_wconf 94' lang='lat' dir='ltr'><strong>pro</strong></span> <span class='ocrx_word' id='word_1_131' title='bbox 1312 2131 1467 2196; x_wconf 83' lang='lat' dir='ltr'><strong>beneficio</strong></span> 
     </span>
     <span class='ocr_line' id='line_1_17' title="bbox 268 2235 1468 2325; baseline 0.003 -23"><span class='ocrx_word' id='word_1_132' title='bbox 268 2246 437 2302; x_wconf 88' lang='lat' dir='ltr'><strong>tenuerant.</strong></span> <span class='ocrx_word' id='word_1_133' title='bbox 463 2235 654 2298; x_wconf 85' lang='lat' dir='ltr'><strong>tradiderunt</strong></span> <span class='ocrx_word' id='word_1_134' title='bbox 676 2238 1088 2325; x_wconf 65' lang='lat' dir='ltr'><strong>mommiocbotaoa‘pcaai</strong></span> <span class='ocrx_word' id='word_1_135' title='bbox 1107 2241 1226 2304; x_wconf 90' lang='lat' dir='ltr'><strong>uincam</strong></span> <span class='ocrx_word' id='word_1_136' title='bbox 1251 2240 1289 2304; x_wconf 93' lang='lat' dir='ltr'><strong>ad</strong></span> <span class='ocrx_word' id='word_1_137' title='bbox 1310 2241 1468 2306; x_wconf 78' lang='lat' dir='ltr'><strong>Materia.</strong></span> 
     </span>
     <span class='ocr_line' id='line_1_18' title="bbox 270 2345 1551 2432; baseline 0.001 -22"><span class='ocrx_word' id='word_1_138' title='bbox 270 2348 394 2410; x_wconf 81' lang='lat' dir='ltr'><strong>Fratres</strong></span> <span class='ocrx_word' id='word_1_139' title='bbox 413 2365 532 2430; x_wconf 87' lang='lat' dir='ltr'><strong>quoque</strong></span> <span class='ocrx_word' id='word_1_140' title='bbox 547 2345 643 2428; x_wconf 86' lang='lat' dir='ltr'><strong>ipsius</strong></span> <span class='ocrx_word' id='word_1_141' title='bbox 663 2345 785 2408; x_wconf 91' lang='lat' dir='ltr'><strong>cenobii</strong></span> <span class='ocrx_word' id='word_1_142' title='bbox 801 2346 981 2410; x_wconf 87' lang='lat' dir='ltr'><strong>benetieium</strong></span> <span class='ocrx_word' id='word_1_143' title='bbox 998 2346 1146 2430; x_wconf 80' lang='lat' dir='ltr'><strong>quoddam</strong></span> <span class='ocrx_word' id='word_1_144' title='bbox 1163 2350 1202 2412; x_wconf 91' lang='lat' dir='ltr'><strong>ad</strong></span> <span class='ocrx_word' id='word_1_145' title='bbox 1216 2349 1469 2432; x_wconf 78' lang='lat' dir='ltr'><strong>Frowcadorfa</strong></span> <span class='ocrx_word' id='word_1_146' title='bbox 1546 2388 1551 2398; x_wconf 89' lang='lat'><em>·</em></span> 
     </span>
     <span class='ocr_line' id='line_1_19' title="bbox 268 2454 1470 2540; baseline 0 -20"><span class='ocrx_word' id='word_1_147' title='bbox 268 2458 452 2521; x_wconf 73' lang='lat' dir='ltr'><strong>Hammona</strong></span> <span class='ocrx_word' id='word_1_148' title='bbox 469 2455 510 2518; x_wconf 78' lang='lat' dir='ltr'><strong>de</strong></span> <span class='ocrx_word' id='word_1_149' title='bbox 523 2454 725 2518; x_wconf 65' lang='lat' dir='ltr'><strong>Hantcoeim</strong></span> <span class='ocrx_word' id='word_1_150' title='bbox 740 2459 884 2516; x_wconf 84' lang='lat' dir='ltr'><strong>ementes.</strong></span> <span class='ocrx_word' id='word_1_151' title='bbox 901 2455 1007 2518; x_wconf 87' lang='lat' dir='ltr'><strong>eadem</strong></span> <span class='ocrx_word' id='word_1_152' title='bbox 1023 2455 1073 2519; x_wconf 90' lang='lat' dir='ltr'><strong>die</strong></span> <span class='ocrx_word' id='word_1_153' title='bbox 1088 2457 1279 2521; x_wconf 86' lang='lat' dir='ltr'><strong>traditionem</strong></span> <span class='ocrx_word' id='word_1_154' title='bbox 1295 2457 1334 2520; x_wconf 88' lang='lat' dir='ltr'><strong>ab</strong></span> <span class='ocrx_word' id='word_1_155' title='bbox 1351 2459 1422 2540; x_wconf 89' lang='lat' dir='ltr'><strong>ipso</strong></span> <span class='ocrx_word' id='word_1_156' title='bbox 1440 2463 1470 2520; x_wconf 87' lang='lat' dir='ltr'><strong>et</strong></span> 
     </span>
     <span class='ocr_line' id='line_1_20' title="bbox 271 2561 1469 2646; baseline 0 -18"><span class='ocrx_word' id='word_1_157' title='bbox 271 2585 365 2629; x_wconf 79' lang='lat' dir='ltr'><strong>uxore</strong></span> <span class='ocrx_word' id='word_1_158' title='bbox 381 2564 447 2625; x_wconf 91' lang='lat' dir='ltr'><strong>cius</strong></span> <span class='ocrx_word' id='word_1_159' title='bbox 464 2583 500 2625; x_wconf 89' lang='lat' dir='ltr'><strong>ae</strong></span> <span class='ocrx_word' id='word_1_160' title='bbox 516 2561 577 2624; x_wconf 84' lang='lat' dir='ltr'><strong>filio</strong></span> <span class='ocrx_word' id='word_1_161' title='bbox 593 2568 786 2644; x_wconf 86' lang='lat' dir='ltr'><strong>receperunt.</strong></span> <span class='ocrx_word' id='word_1_162' title='bbox 802 2563 1028 2626; x_wconf 87' lang='lat' dir='ltr'><strong>Traditionibus</strong></span> <span class='ocrx_word' id='word_1_163' title='bbox 1044 2565 1137 2646; x_wconf 85' lang='lat' dir='ltr'><strong>igitur</strong></span> <span class='ocrx_word' id='word_1_164' title='bbox 1153 2565 1201 2626; x_wconf 88' lang='lat' dir='ltr'><strong>bis</strong></span> <span class='ocrx_word' id='word_1_165' title='bbox 1216 2586 1293 2628; x_wconf 92' lang='lat' dir='ltr'><strong>anno</strong></span> <span class='ocrx_word' id='word_1_166' title='bbox 1311 2565 1350 2630; x_wconf 94' lang='lat' dir='ltr'><strong>ab</strong></span> <span class='ocrx_word' id='word_1_167' title='bbox 1367 2568 1469 2630; x_wconf 91' lang='lat' dir='ltr'><strong>incar-</strong></span> 
     </span>
     <span class='ocr_line' id='line_1_21' title="bbox 271 2667 1469 2754; baseline 0.002 -19"><span class='ocrx_word' id='word_1_168' title='bbox 271 2673 393 2735; x_wconf 88' lang='lat' dir='ltr'><strong>natione</strong></span> <span class='ocrx_word' id='word_1_169' title='bbox 418 2671 530 2734; x_wconf 90' lang='lat' dir='ltr'><strong>domini</strong></span> <span class='ocrx_word' id='word_1_170' title='bbox 552 2669 592 2732; x_wconf 79' lang='lat' dir='ltr'><strong>bi.</strong></span> <span class='ocrx_word' id='word_1_171' title='bbox 602 2667 636 2732; x_wconf 81' lang='lat' dir='ltr'><strong>C.</strong></span> <span class='ocrx_word' id='word_1_172' title='bbox 643 2669 706 2732; x_wconf 84' lang='lat' dir='ltr'><strong>LX.</strong></span> <span class='ocrx_word' id='word_1_173' title='bbox 715 2669 751 2732; x_wconf 90' lang='grc' dir='ltr'><strong>ΙΙ.</strong></span> <span class='ocrx_word' id='word_1_174' title='bbox 768 2669 887 2734; x_wconf 79' lang='lat' dir='ltr'><strong>kalend.</strong></span> <span class='ocrx_word' id='word_1_175' title='bbox 904 2672 964 2734; x_wconf 90' lang='lat' dir='ltr'><strong>mai</strong></span> <span class='ocrx_word' id='word_1_176' title='bbox 980 2692 1073 2754; x_wconf 87' lang='lat' dir='ltr'><strong>super</strong></span> <span class='ocrx_word' id='word_1_177' title='bbox 1089 2671 1184 2736; x_wconf 90' lang='lat' dir='ltr'><strong>altare</strong></span> <span class='ocrx_word' id='word_1_178' title='bbox 1200 2681 1305 2737; x_wconf 87' lang='lat' dir='ltr'><strong>sancte</strong></span> <span class='ocrx_word' id='word_1_179' title='bbox 1323 2675 1424 2738; x_wconf 79' lang='lat' dir='ltr'><strong>bdarie</strong></span> <span class='ocrx_word' id='word_1_180' title='bbox 1439 2677 1469 2738; x_wconf 92' lang='lat' dir='ltr'><strong>iu</strong></span> 
     </span>
     <span class='ocr_line' id='line_1_22' title="bbox 271 2778 1469 2860; baseline 0 -15"><span class='ocrx_word' id='word_1_181' title='bbox 271 2780 424 2845; x_wconf 80' lang='lat' dir='ltr'><strong>cbotaea&#39;co</strong></span> <span class='ocrx_word' id='word_1_182' title='bbox 452 2778 595 2860; x_wconf 87' lang='lat' dir='ltr'><strong>peractis.</strong></span> <span class='ocrx_word' id='word_1_183' title='bbox 628 2779 671 2841; x_wconf 89' lang='lat' dir='ltr'><strong>bii</strong></span> <span class='ocrx_word' id='word_1_184' title='bbox 698 2784 795 2842; x_wconf 89' lang='lat' dir='ltr'><strong>testes</strong></span> <span class='ocrx_word' id='word_1_185' title='bbox 822 2785 1029 2842; x_wconf 89' lang='lat' dir='ltr'><strong>accesserunt.</strong></span> <span class='ocrx_word' id='word_1_186' title='bbox 1059 2781 1251 2845; x_wconf 73' lang='lat' dir='ltr'><strong>Adollam-tua</strong></span> <span class='ocrx_word' id='word_1_187' title='bbox 1281 2783 1324 2846; x_wconf 79' lang='lat' dir='ltr'><strong>dc</strong></span> <span class='ocrx_word' id='word_1_188' title='bbox 1350 2783 1469 2848; x_wconf 81' lang='lat' dir='ltr'><strong>werde.</strong></span> 
     </span>
     <span class='ocr_line' id='line_1_23' title="bbox 269 2886 1472 2974; baseline 0 -21"><span class='ocrx_word' id='word_1_189' title='bbox 269 2891 472 2954; x_wconf 68' lang='lat' dir='ltr'><strong>emanas</strong></span> <span class='ocrx_word' id='word_1_190' title='bbox 495 2888 536 2950; x_wconf 84' lang='lat' dir='ltr'><strong>dc</strong></span> <span class='ocrx_word' id='word_1_191' title='bbox 559 2886 761 2950; x_wconf 76' lang='lat' dir='ltr'><strong>buntiabca&#39;m.</strong></span> <span class='ocrx_word' id='word_1_192' title='bbox 785 2891 816 2950; x_wconf 86' lang='lat' dir='ltr'><strong>et</strong></span> <span class='ocrx_word' id='word_1_193' title='bbox 837 2887 1027 2952; x_wconf 62' lang='lat' dir='ltr'><strong>Hammodes</strong></span> <span class='ocrx_word' id='word_1_194' title='bbox 1045 2891 1134 2972; x_wconf 77' lang='lat' dir='ltr'><strong>filim</strong></span> <span class='ocrx_word' id='word_1_195' title='bbox 1153 2889 1232 2953; x_wconf 80' lang='lat' dir='ltr'><strong>ciac.</strong></span> <span class='ocrx_word' id='word_1_196' title='bbox 1255 2891 1425 2974; x_wconf 75' lang='lat' dir='ltr'><strong>Huitfolcb</strong></span> <span class='ocrx_word' id='word_1_197' title='bbox 1441 2898 1472 2954; x_wconf 85' lang='lat' dir='ltr'><strong>et</strong></span> 
     </span>
     <span class='ocr_line' id='line_1_24' title="bbox 269 2995 1471 3084; baseline 0.002 -24"><span class='ocrx_word' id='word_1_198' title='bbox 269 2995 437 3084; x_wconf 74' lang='lat' dir='ltr'><strong>Raidpcraa</strong></span> <span class='ocrx_word' id='word_1_199' title='bbox 468 2995 606 3057; x_wconf 90' lang='lat' dir='ltr'><strong>homines</strong></span> <span class='ocrx_word' id='word_1_200' title='bbox 637 2995 746 3079; x_wconf 87' lang='lat' dir='ltr'><strong>ipsius.</strong></span> <span class='ocrx_word' id='word_1_201' title='bbox 780 2997 905 3059; x_wconf 79' lang='lat' dir='ltr'><strong>Erneat.</strong></span> <span class='ocrx_word' id='word_1_202' title='bbox 945 2997 1050 3060; x_wconf 72' lang='lat' dir='ltr'><strong>Wecid</strong></span> <span class='ocrx_word' id='word_1_203' title='bbox 1079 3003 1110 3060; x_wconf 89' lang='lat' dir='ltr'><strong>ct</strong></span> <span class='ocrx_word' id='word_1_204' title='bbox 1140 2999 1315 3064; x_wconf 77' lang='lat' dir='ltr'><strong>Heinricaa</strong></span> <span class='ocrx_word' id='word_1_205' title='bbox 1345 3002 1471 3083; x_wconf 78' lang='lat' dir='ltr'><strong>fratrea</strong></span> 
     </span>
     <span class='ocr_line' id='line_1_25' title="bbox 270 3079 1472 3194; baseline 0.002 -24"><span class='ocrx_word' id='word_1_206' title='bbox 270 3107 326 3194; x_wconf 80' lang='lat' dir='ltr'><strong>qui</strong></span> <span class='ocrx_word' id='word_1_207' title='bbox 350 3107 500 3170; x_wconf 80' lang='lat' dir='ltr'><strong>dicuntur</strong></span> <span class='ocrx_word' id='word_1_208' title='bbox 524 3104 724 3167; x_wconf 74' lang='lat' dir='ltr'><strong>Fluaccazcn.</strong></span> <span class='ocrx_word' id='word_1_209' title='bbox 758 3079 929 3169; x_wconf 74' lang='lat' dir='ltr'><strong>ddclricaa</strong></span> <span class='ocrx_word' id='word_1_210' title='bbox 956 3105 998 3168; x_wconf 85' lang='lat' dir='ltr'><strong>dc</strong></span> <span class='ocrx_word' id='word_1_211' title='bbox 1028 3105 1187 3171; x_wconf 79' lang='lat' dir='ltr'><strong>macboacc.</strong></span> <span class='ocrx_word' id='word_1_212' title='bbox 1216 3108 1405 3194; x_wconf 56' lang='lat' dir='ltr'><strong>storeaque</strong></span> <span class='ocrx_word' id='word_1_213' title='bbox 1433 3108 1472 3172; x_wconf 69' lang='lat' dir='ltr'><strong>da</strong></span> 
     </span>
     <span class='ocr_line' id='line_1_26' title="bbox 272 3211 1472 3302; baseline -0.002 -22"><span class='ocrx_word' id='word_1_214' title='bbox 272 3215 446 3302; x_wconf 70' lang='lat' dir='ltr'><strong>raetiapia.</strong></span> <span class='ocrx_word' id='word_1_215' title='bbox 465 3213 638 3300; x_wconf 69' lang='lat' dir='ltr'><strong>Wapandaa</strong></span> <span class='ocrx_word' id='word_1_216' title='bbox 652 3213 693 3276; x_wconf 76' lang='lat' dir='ltr'><strong>da</strong></span> <span class='ocrx_word' id='word_1_217' title='bbox 709 3211 1011 3278; x_wconf 74' lang='lat' dir='ltr'><strong>cbarzcacbircbcc.</strong></span> <span class='ocrx_word' id='word_1_218' title='bbox 1027 3216 1211 3280; x_wconf 81' lang='lat' dir='ltr'><strong>Hertacicac</strong></span> <span class='ocrx_word' id='word_1_219' title='bbox 1232 3217 1359 3302; x_wconf 79' lang='lat' dir='ltr'><strong>Repeto</strong></span> <span class='ocrx_word' id='word_1_220' title='bbox 1377 3217 1472 3279; x_wconf 90' lang='lat' dir='ltr'><strong>seruit</strong></span> 
     </span>
     <span class='ocr_line' id='line_1_27' title="bbox 272 3320 1472 3410; baseline -0.002 -22"><span class='ocrx_word' id='word_1_221' title='bbox 272 3327 370 3410; x_wconf 91' lang='lat' dir='ltr'><strong>ipsius</strong></span> <span class='ocrx_word' id='word_1_222' title='bbox 387 3323 531 3386; x_wconf 87' lang='lat' dir='ltr'><strong>ecclesie.</strong></span> <span class='ocrx_word' id='word_1_223' title='bbox 556 3320 656 3402; x_wconf 87' lang='lat' dir='ltr'><strong>Ipsum</strong></span> <span class='ocrx_word' id='word_1_224' title='bbox 672 3325 771 3382; x_wconf 81' lang='lat' dir='ltr'><strong>autem</strong></span> <span class='ocrx_word' id='word_1_225' title='bbox 787 3321 924 3403; x_wconf 88' lang='lat' dir='ltr'><strong>predium</strong></span> <span class='ocrx_word' id='word_1_226' title='bbox 941 3322 980 3384; x_wconf 95' lang='lat' dir='ltr'><strong>ad</strong></span> <span class='ocrx_word' id='word_1_227' title='bbox 991 3325 1198 3407; x_wconf 68' lang='lat' dir='ltr'><strong>fromondus-fi</strong></span> <span class='ocrx_word' id='word_1_228' title='bbox 1215 3324 1407 3406; x_wconf 88' lang='lat' dir='ltr'><strong>redemptum</strong></span> <span class='ocrx_word' id='word_1_229' title='bbox 1424 3329 1472 3388; x_wconf 88' lang='lat' dir='ltr'><strong>est</strong></span> 
     </span>
     <span class='ocr_line' id='line_1_28' title="bbox 273 3429 1472 3519; baseline 0.001 -23"><span class='ocrx_word' id='word_1_230' title='bbox 273 3455 295 3497; x_wconf 86' lang='lat' dir='ltr'><strong>u</strong></span> <span class='ocrx_word' id='word_1_231' title='bbox 317 3431 467 3519; x_wconf 81' lang='lat' dir='ltr'><strong>predicto</strong></span> <span class='ocrx_word' id='word_1_232' title='bbox 493 3430 686 3493; x_wconf 82' lang='lat' dir='ltr'><strong>Hermanno.</strong></span> <span class='ocrx_word' id='word_1_233' title='bbox 719 3435 845 3512; x_wconf 84' lang='lat' dir='ltr'><strong>argento</strong></span> <span class='ocrx_word' id='word_1_234' title='bbox 873 3429 954 3515; x_wconf 87' lang='lat' dir='ltr'><strong>quod</strong></span> <span class='ocrx_word' id='word_1_235' title='bbox 981 3431 1106 3494; x_wconf 87' lang='lat' dir='ltr'><strong>contulit</strong></span> <span class='ocrx_word' id='word_1_236' title='bbox 1131 3434 1314 3495; x_wconf 89' lang='lat' dir='ltr'><strong>monasterio</strong></span> <span class='ocrx_word' id='word_1_237' title='bbox 1342 3433 1472 3497; x_wconf 79' lang='lat' dir='ltr'><strong>dominu</strong></span> 
     </span>
     <span class='ocr_line' id='line_1_29' title="bbox 273 3538 1473 3625; baseline -0.001 -20"><span class='ocrx_word' id='word_1_238' title='bbox 273 3540 460 3605; x_wconf 62' lang='lat' dir='ltr'><strong>Adclbeidasso</strong></span> <span class='ocrx_word' id='word_1_239' title='bbox 474 3538 645 3602; x_wconf 81' lang='lat' dir='ltr'><strong>abbatissa.</strong></span> <span class='ocrx_word' id='word_1_240' title='bbox 669 3558 727 3622; x_wconf 88' lang='lat' dir='ltr'><strong>quo</strong></span> <span class='ocrx_word' id='word_1_241' title='bbox 751 3539 841 3600; x_wconf 85' lang='lat' dir='ltr'><strong>etiam</strong></span> <span class='ocrx_word' id='word_1_242' title='bbox 864 3538 1018 3622; x_wconf 89' lang='lat' dir='ltr'><strong>redempta</strong></span> <span class='ocrx_word' id='word_1_243' title='bbox 1035 3546 1083 3603; x_wconf 89' lang='lat' dir='ltr'><strong>cst</strong></span> <span class='ocrx_word' id='word_1_244' title='bbox 1100 3541 1187 3604; x_wconf 88' lang='lat' dir='ltr'><strong>uinea</strong></span> <span class='ocrx_word' id='word_1_245' title='bbox 1202 3540 1333 3625; x_wconf 84' lang='lat' dir='ltr'><strong>quedam</strong></span> <span class='ocrx_word' id='word_1_246' title='bbox 1349 3540 1388 3602; x_wconf 90' lang='lat' dir='ltr'><strong>ad</strong></span> <span class='ocrx_word' id='word_1_247' title='bbox 1403 3562 1473 3604; x_wconf 83' lang='lat' dir='ltr'><strong>mu-</strong></span> 
     </span>
     <span class='ocr_line' id='line_1_30' title="bbox 272 3646 1472 3733; baseline -0.003 -20"><span class='ocrx_word' id='word_1_248' title='bbox 272 3649 370 3713; x_wconf 79' lang='lat' dir='ltr'><strong>taria.</strong></span> <span class='ocrx_word' id='word_1_249' title='bbox 388 3669 405 3709; x_wconf 91' lang='lat' dir='ltr'><strong>a</strong></span> <span class='ocrx_word' id='word_1_250' title='bbox 422 3647 551 3732; x_wconf 88' lang='lat' dir='ltr'><strong>quodam</strong></span> <span class='ocrx_word' id='word_1_251' title='bbox 566 3647 662 3712; x_wconf 82' lang='lat' dir='ltr'><strong>Eticb</strong></span> <span class='ocrx_word' id='word_1_252' title='bbox 677 3647 718 3710; x_wconf 87' lang='lat' dir='ltr'><strong>de</strong></span> <span class='ocrx_word' id='word_1_253' title='bbox 735 3646 882 3733; x_wconf 78' lang='lat' dir='ltr'><strong>Obuliup.</strong></span> <span class='ocrx_word' id='word_1_254' title='bbox 899 3646 1071 3710; x_wconf 89' lang='lat' dir='ltr'><strong>Predietum</strong></span> <span class='ocrx_word' id='word_1_255' title='bbox 1088 3668 1164 3730; x_wconf 83' lang='lat' dir='ltr'><strong>ergo</strong></span> <span class='ocrx_word' id='word_1_256' title='bbox 1180 3649 1319 3732; x_wconf 87' lang='lat' dir='ltr'><strong>predium</strong></span> <span class='ocrx_word' id='word_1_257' title='bbox 1335 3655 1368 3712; x_wconf 92' lang='lat' dir='ltr'><strong>et</strong></span> <span class='ocrx_word' id='word_1_258' title='bbox 1385 3649 1472 3712; x_wconf 90' lang='lat' dir='ltr'><strong>uinea</strong></span> 
     </span>
     <span class='ocr_line' id='line_1_31' title="bbox 273 3755 1471 3841; baseline 0 -21"><span class='ocrx_word' id='word_1_259' title='bbox 273 3757 318 3820; x_wconf 85' lang='lat' dir='ltr'><strong>ilii</strong></span> <span class='ocrx_word' id='word_1_260' title='bbox 333 3759 399 3820; x_wconf 91' lang='lat' dir='ltr'><strong>iure</strong></span> <span class='ocrx_word' id='word_1_261' title='bbox 416 3758 446 3818; x_wconf 91' lang='lat' dir='ltr'><strong>in</strong></span> <span class='ocrx_word' id='word_1_262' title='bbox 461 3759 577 3840; x_wconf 86' lang='lat' dir='ltr'><strong>premio</strong></span> <span class='ocrx_word' id='word_1_263' title='bbox 594 3755 781 3819; x_wconf 82' lang='lat' dir='ltr'><strong>asscribitur.</strong></span> <span class='ocrx_word' id='word_1_264' title='bbox 799 3756 885 3818; x_wconf 87' lang='lat' dir='ltr'><strong>cuius</strong></span> <span class='ocrx_word' id='word_1_265' title='bbox 900 3757 1068 3838; x_wconf 86' lang='lat' dir='ltr'><strong>sumptibus</strong></span> <span class='ocrx_word' id='word_1_266' title='bbox 1084 3757 1275 3841; x_wconf 88' lang='lat' dir='ltr'><strong>redemptum</strong></span> <span class='ocrx_word' id='word_1_267' title='bbox 1291 3757 1471 3822; x_wconf 77' lang='lat' dir='ltr'><strong>dinoscitur.</strong></span> 
     </span>
    </p>
   </div>
   <div class='ocr_carea' id='block_1_5' title="bbox 769 3977 990 4048">
    <p class='ocr_par' dir='ltr' id='par_1_5' title="bbox 769 3977 990 4048">
     <span class='ocr_line' id='line_1_32' title="bbox 769 3977 990 4048; baseline 0 0"><span class='ocrx_word' id='word_1_268' title='bbox 769 3977 990 4048; x_wconf 79' lang='lat' dir='ltr'><strong>CCLXXXVI.</strong></span> 
     </span>
    </p>
   </div>
   <div class='ocr_carea' id='block_1_6' title="bbox 277 4116 1481 4528">
    <p class='ocr_par' dir='ltr' id='par_1_6' title="bbox 277 4116 1481 4528">
     <span class='ocr_line' id='line_1_33' title="bbox 367 4116 1473 4201; baseline 0.002 -22"><span class='ocrx_word' id='word_1_269' title='bbox 367 4117 468 4198; x_wconf 87' lang='lat' dir='ltr'><strong>Digne</strong></span> <span class='ocrx_word' id='word_1_270' title='bbox 488 4117 520 4178; x_wconf 93' lang='lat' dir='ltr'><strong>in</strong></span> <span class='ocrx_word' id='word_1_271' title='bbox 543 4118 716 4180; x_wconf 78' lang='lat' dir='ltr'><strong>memoriam</strong></span> <span class='ocrx_word' id='word_1_272' title='bbox 739 4117 911 4181; x_wconf 87' lang='lat' dir='ltr'><strong>scribuntur</strong></span> <span class='ocrx_word' id='word_1_273' title='bbox 932 4116 1096 4180; x_wconf 88' lang='lat' dir='ltr'><strong>bominum.</strong></span> <span class='ocrx_word' id='word_1_274' title='bbox 1120 4135 1245 4201; x_wconf 82' lang='lat' dir='ltr'><strong>quorum</strong></span> <span class='ocrx_word' id='word_1_275' title='bbox 1261 4117 1386 4181; x_wconf 85' lang='lat' dir='ltr'><strong>iusticia</strong></span> <span class='ocrx_word' id='word_1_276' title='bbox 1403 4138 1473 4201; x_wconf 86' lang='lat' dir='ltr'><strong>pcr-</strong></span> 
     </span>
     <span class='ocr_line' id='line_1_34' title="bbox 277 4223 1481 4312; baseline 0.002 -24"><span class='ocrx_word' id='word_1_277' title='bbox 277 4231 378 4289; x_wconf 88' lang='lat' dir='ltr'><strong>manct</strong></span> <span class='ocrx_word' id='word_1_278' title='bbox 403 4227 433 4287; x_wconf 95' lang='lat' dir='ltr'><strong>in</strong></span> <span class='ocrx_word' id='word_1_279' title='bbox 460 4223 605 4290; x_wconf 85' lang='lat' dir='ltr'><strong>seculum.</strong></span> <span class='ocrx_word' id='word_1_280' title='bbox 633 4227 775 4291; x_wconf 74' lang='lat' dir='ltr'><strong>Petriana</strong></span> <span class='ocrx_word' id='word_1_281' title='bbox 802 4227 903 4310; x_wconf 87' lang='lat' dir='ltr'><strong>itaque</strong></span> <span class='ocrx_word' id='word_1_282' title='bbox 924 4246 1012 4290; x_wconf 73' lang='lat' dir='ltr'><strong>acor</strong></span> <span class='ocrx_word' id='word_1_283' title='bbox 1037 4225 1161 4290; x_wconf 77' lang='lat' dir='ltr'><strong>Alba-ici</strong></span> <span class='ocrx_word' id='word_1_284' title='bbox 1181 4227 1223 4290; x_wconf 85' lang='lat' dir='ltr'><strong>dc</strong></span> <span class='ocrx_word' id='word_1_285' title='bbox 1244 4227 1481 4312; x_wconf 79' lang='lat' dir='ltr'><strong>udcldcrndorf</strong></span> 
     </span>
     <span class='ocr_line' id='line_1_35' title="bbox 277 4333 1473 4419; baseline 0.001 -21"><span class='ocrx_word' id='word_1_286' title='bbox 277 4337 377 4418; x_wconf 83' lang='lat' dir='ltr'><strong>ipsum</strong></span> <span class='ocrx_word' id='word_1_287' title='bbox 399 4336 537 4396; x_wconf 89' lang='lat' dir='ltr'><strong>maritum</strong></span> <span class='ocrx_word' id='word_1_288' title='bbox 559 4354 643 4398; x_wconf 89' lang='lat' dir='ltr'><strong>suum</strong></span> <span class='ocrx_word' id='word_1_289' title='bbox 665 4336 695 4398; x_wconf 89' lang='lat' dir='ltr'><strong>iu</strong></span> <span class='ocrx_word' id='word_1_290' title='bbox 717 4334 885 4418; x_wconf 88' lang='lat' dir='ltr'><strong>poliandro.</strong></span> <span class='ocrx_word' id='word_1_291' title='bbox 903 4333 936 4396; x_wconf 87' lang='lat' dir='ltr'><strong>S.</strong></span> <span class='ocrx_word' id='word_1_292' title='bbox 953 4334 1047 4396; x_wconf 77' lang='lat' dir='ltr'><strong>roario</strong></span> <span class='ocrx_word' id='word_1_293' title='bbox 1063 4333 1141 4418; x_wconf 93' lang='lat' dir='ltr'><strong>apud</strong></span> <span class='ocrx_word' id='word_1_294' title='bbox 1157 4354 1213 4397; x_wconf 90' lang='lat' dir='ltr'><strong>nos</strong></span> <span class='ocrx_word' id='word_1_295' title='bbox 1229 4334 1399 4418; x_wconf 84' lang='lat' dir='ltr'><strong>sepeliens.</strong></span> <span class='ocrx_word' id='word_1_296' title='bbox 1423 4356 1473 4419; x_wconf 91' lang='lat' dir='ltr'><strong>pro</strong></span> 
     </span>
     <span class='ocr_line' id='line_1_36' title="bbox 278 4443 1475 4528; baseline -0.001 -20"><span class='ocrx_word' id='word_1_297' title='bbox 278 4443 415 4508; x_wconf 89' lang='lat' dir='ltr'><strong>remedio</strong></span> <span class='ocrx_word' id='word_1_298' title='bbox 438 4443 538 4506; x_wconf 87' lang='lat' dir='ltr'><strong>anime</strong></span> <span class='ocrx_word' id='word_1_299' title='bbox 561 4443 644 4506; x_wconf 84' lang='lat' dir='ltr'><strong>itlius</strong></span> <span class='ocrx_word' id='word_1_300' title='bbox 664 4445 854 4526; x_wconf 85' lang='lat' dir='ltr'><strong>omniumque</strong></span> <span class='ocrx_word' id='word_1_301' title='bbox 883 4447 1040 4526; x_wconf 86' lang='lat' dir='ltr'><strong>parentum</strong></span> <span class='ocrx_word' id='word_1_302' title='bbox 1069 4461 1200 4506; x_wconf 89' lang='lat' dir='ltr'><strong>suorum.</strong></span> <span class='ocrx_word' id='word_1_303' title='bbox 1232 4443 1361 4508; x_wconf 90' lang='lat' dir='ltr'><strong>tradidit</strong></span> <span class='ocrx_word' id='word_1_304' title='bbox 1387 4465 1475 4528; x_wconf 85' lang='lat' dir='ltr'><strong>super</strong></span> 
     </span>
    </p>
   </div>
   <div class='ocr_carea' id='block_1_7' title="bbox 279 4551 1475 4636">
    <p class='ocr_par' dir='ltr' id='par_1_7' title="bbox 279 4551 1475 4636">
     <span class='ocr_line' id='line_1_37' title="bbox 279 4551 1475 4636; baseline -0.003 -14"><span class='ocrx_word' id='word_1_305' title='bbox 279 4554 375 4622; x_wconf 84' lang='lat' dir='ltr'><strong>altare</strong></span> <span class='ocrx_word' id='word_1_306' title='bbox 390 4555 448 4619; x_wconf 87' lang='lat' dir='ltr'><strong>tria</strong></span> <span class='ocrx_word' id='word_1_307' title='bbox 465 4551 613 4616; x_wconf 84' lang='lat' dir='ltr'><strong>beneficia</strong></span> <span class='ocrx_word' id='word_1_308' title='bbox 626 4553 663 4616; x_wconf 90' lang='lat' dir='ltr'><strong>ad</strong></span> <span class='ocrx_word' id='word_1_309' title='bbox 674 4553 884 4636; x_wconf 77' lang='lat' dir='ltr'><strong>Noncadors.</strong></span> <span class='ocrx_word' id='word_1_310' title='bbox 901 4552 950 4616; x_wconf 89' lang='lat' dir='ltr'><strong>bis</strong></span> <span class='ocrx_word' id='word_1_311' title='bbox 961 4552 1089 4616; x_wconf 80' lang='lat' dir='ltr'><strong>testibus</strong></span> <span class='ocrx_word' id='word_1_312' title='bbox 1103 4551 1310 4636; x_wconf 88' lang='lat' dir='ltr'><strong>presentibus.</strong></span> <span class='ocrx_word' id='word_1_313' title='bbox 1331 4553 1475 4618; x_wconf 68' lang='lat' dir='ltr'><strong>bialcbrut</strong></span> 
     </span>
    </p>
   </div>
   <div class='ocr_carea' id='block_1_8' title="bbox 0 0 1573 5096">
    <p class='ocr_par' dir='ltr' id='par_1_8' title="bbox 0 0 1573 5096">
     <span class='ocr_line' id='line_1_38' title="bbox 0 0 1573 5096; baseline 0 0"><span class='ocrx_word' id='word_1_314' title='bbox 0 0 1573 5096; x_wconf 95' lang='lat' dir='ltr'><strong> </strong></span> 
     </span>
    </p>
   </div>
   <div class='ocr_carea' id='block_1_9' title="bbox 1545 0 1576 5086">
    <p class='ocr_par' dir='ltr' id='par_1_9' title="bbox 1545 0 1576 5086">
     <span class='ocr_line' id='line_1_39' title="bbox 1545 0 1576 5086; baseline 0 0"><span class='ocrx_word' id='word_1_315' title='bbox 1545 0 1576 5086; x_wconf 95' lang='lat' dir='ltr'><strong> </strong></span> 
     </span>
    </p>
   </div>
  </div>
 </body>
</html>
