3074 5094
799 727 953 798 LXXVII.

276 875 351 935 1298.
370 877 455 936 Wlell.
486 909 519 918 -
539 879 664 948 Piligrim,
684 880 731 934 der
750 880 869 941 Richter,
891 879 945 933 und
965 879 1007 933 die
1021 879 1201 933 llathsherren
1225 879 1276 932 der
1295 877 1375 931 Stadt
1397 875 1470 928 Wien

278 968 435 1036 nosootigen,
455 969 516 1022 dass
531 968 653 1031 Seitried,
673 971 745 1023 Sohn
758 969 898 1040 Leopold's
912 970 937 1022 in
951 970 999 1023 der
1012 971 1199 1030 lloohstrnsse,
1221 970 1279 1022 sein
1293 970 1365 1021 llnus
1384 968 1410 1020 in
1428 966 1472 1018 der

277 1059 500 1129 Weihburggosse
514 1077 560 1113 uus
573 1059 643 1114 Noth
656 1061 710 1114 und
722 1060 857 1114 Schulden
871 1060 962 1114 halber
976 1060 1036 1112 dem
1049 1060 1119 1113 Abte
1133 1060 1260 1112 Heinrich
1273 1076 1324 1112 von
1340 1057 1471 1124 Gottweig

277 1165 319 1200 um
334 1148 386 1201 140
399 1149 474 1202 ldnrk
488 1149 575 1203 Silber
588 1150 696 1205 Wiener
709 1151 802 1204 bliinze
815 1150 944 1210 verkault,
959 1150 1013 1204 und
1027 1150 1101 1202 diese
1116 1150 1222 1203 Summe
1237 1149 1340 1202 bereits
1355 1148 1471 1201 erhalton

838 1240 914 1292 habe.

680 1350 748 1409 [eoo.
761 1349 947 1408 Privilegiorum.
958 1351 1009 1395 Fol.
1022 1350 1072 1408 73.]

369 1501 433 1566 Nos
455 1504 641 1589 Pitiprimuo
664 1502 765 1580 luder
787 1504 995 1588 consulesque
1017 1505 1105 1567 iurati
1122 1502 1259 1566 Civitatis
1278 1504 1473 1566 Wienuensis

278 1613 384 1672 tenore
398 1611 598 1692 presentium
615 1614 860 1693 recognoscimus
877 1611 999 1694 publice
1016 1611 1195 1695 prolitentes
1211 1614 1271 1673 tem
1288 1611 1474 1694 presentium

278 1737 366 1801 quam
384 1719 549 1782 futurorum
566 1720 710 1782 memorie
727 1719 982 1788 commendantes,
1007 1718 1084 1802 quod
1100 1718 1148 1781 uir
1163 1717 1317 1781 discretus
1335 1716 1474 1801 Sifriduo

277 1813 355 1889 lilius
372 1828 530 1913 Lonpotdc'
545 1829 574 1890 in
592 1827 650 1891 alta
664 1828 765 1890 Strata
783 1828 929 1912 quondam
947 1829 1080 1891 concivis
1098 1829 1212 1899 nostri,
1230 1830 1360 1910 propter
1375 1829 1474 1890 multi·

278 1935 383 1997 formio
405 1935 526 2005 debite,
551 1955 606 2018 per
628 1956 687 2019 que
712 1936 830 2000 nimium
848 1935 1010 2018 implicitus
1028 1936 1145 2006 extitit,
1170 1939 1201 1996 et
1221 1935 1257 1997 ad
1276 1934 1474 2018 supplendam

269 2041 338 2105 ¹vite
355 2061 410 2104 sue
426 2042 567 2125 inopium,
584 2041 665 2127 quod
681 2043 848 2124 vulgariter
864 2042 1042 2127 Ebnltuotb
1058 2042 1180 2115 dicitur,
1197 2043 1279 2106 sicut
1297 2045 1326 2105 in
1346 2063 1475 2126 presen-

278 2149 319 2213 tia
343 2153 446 2212 nostra
469 2149 648 2233 approbavit
670 2151 896 2214 evidentissimo
927 2151 1098 2214 testimonio
1130 2151 1254 2214 duorum
1286 2150 1476 2214 credibilium

278 2260 426 2328 virorum,
452 2258 571 2322 scilicet
587 2258 699 2330 domini
718 2260 842 2323 Ottonie
858 2253 911 2322 filii
931 2260 1054 2324 Ottonie
1069 2259 1245 2344 Hoymom'o
1261 2263 1293 2321 et
1311 2258 1478 2323 Cbnnrodi

277 2367 432 2434 Heonorii
457 2366 575 2430 domum
602 2389 686 2432 sunm
708 2369 739 2430 in
765 2369 1015 2456 Weichenpurcle
1037 2369 1123 2431 sitnm
1148 2367 1285 2431 vendidit
1307 2367 1477 2431 honorabili

278 2478 342 2541 viro
371 2475 491 2538 domino
513 2476 665 2542 Heinotoo
689 2476 853 2542 venerabili
877 2475 1097 2540 Chotwicensis
1124 2477 1265 2540 Ecclesie
1294 2475 1398 2539 abbati
1425 2498 1477 2559 pro

280 2589 400 2648 centnm
417 2585 612 2670 qnadraginta
629 2585 740 2650 Marcis
758 2587 876 2665 argenti
893 2586 958 2669 puri
976 2585 1155 2649 Viennensis
1173 2584 1318 2668 ponderis
1340 2584 1476 2668 plenarie

277 2694 450 2778 persolutis.
475 2692 538 2756 Nos
554 2712 627 2756 vero
645 2701 866 2773 cognoscentes
884 2694 1054 2757 huiusmodi
1071 2713 1191 2757 oausam
1209 2694 1269 2756 rite
1286 2713 1322 2756 ao
1346 2693 1475 2756 rationa-

279 2801 381 2864 biliter
410 2801 596 2883 procedere,
629 2802 724 2884 ipsam
754 2801 955 2885 approbamus
984 2808 1015 2865 et
1042 2802 1252 2866 confirmamus
1280 2801 1474 2884 presentibus

282 2914 386 2972 nostre
403 2907 533 2972 civitatis
550 2908 658 2990 Sigilli
667 2902 777 2972 robore
793 2911 989 2991 consignatis.
1005 2911 1112 2974 linium
1129 2908 1250 2975 Vienne
1261 2911 1347 2974 Anno
1360 2910 1475 2973 Domini

281 3017 440 3080 hlillesimo
457 3017 665 3081 ducentesimo
683 3020 878 3098 nonogesimo
895 3024 1010 3082 octavo.

797 3223 964 3311 LXXVlll.

280 3393 355 3452 luen.
374 3394 400 3451 2.
413 3392 499 3451 ΜΠ.
519 3392 667 3466 dottwolg.
689 3424 721 3432 —
741 3395 845 3462 Herzog
858 3394 950 3446 Albert
969 3412 1019 3448 von
1039 3381 1193 3449 deterreioh
1212 3393 1313 3449 betreit
1333 3395 1385 3448 alle
1399 3395 1473 3448 Goli-

278 3486 380 3556 weiger
390 3485 567 3553 Besitzungen
586 3484 658 3537 dies-
674 3485 728 3537 und
738 3484 851 3554 jenseits
872 3485 920 3538 der
933 3485 1027 3536 Donau
1041 3501 1090 3537 von
1106 3484 1186 3554 jeder
1199 3485 1324 3538 tremden
1339 3485 1471 3539 Gerichts-

279 3578 384 3632 burbeit
402 3592 490 3647 gegen
506 3574 639 3644 jdhrlicho
657 3575 833 3644 Entrichtnng
845 3593 895 3629 von
907 3576 961 3629 200
974 3575 1048 3627 bluth
1062 3575 1142 3629 llnter
1162 3576 1190 3629 in
1212 3576 1266 3629 den
1286 3576 1471 3645 herzoglichen

325 3676 327 3680 ’
691 3665 912 3722 Getreidelrnsten
925 3686 958 3720 zu
973 3666 1055 3720 Wien.

678 3775 747 3836 [Cod.
759 3777 944 3836 Pririlegiorum.
956 3779 1005 3824 Fol.
1017 3776 1083 3837 zeh]

372 3927 437 3993 Nos
453 3930 601 3996 Athortoo
625 3931 681 3994 Dei
704 3933 806 4012 gracia
822 3931 888 3996 Dux
904 3933 1024 3996 Austrie
1047 3935 1077 3994 ei
1100 3930 1213 4014 Styrie,
1238 3928 1387 3993 Dominus
1405 3927 1471 3991 Car·

281 4037 360 4101 uiole
391 4038 525 4103 Marchie
557 4061 593 4104 so
625 4040 734 4104 Portus
761 4040 884 4104 Naonis.
926 4040 1071 4105 Omnibus
1099 4038 1210 4102 Christi
1243 4037 1389 4102 fidelibus
1419 4045 1470 4101 lam

281 4147 472 4229 presentibus
499 4167 585 4232 quern
613 4149 722 4212 futuris
746 4153 847 4212 notum
870 4149 1116 4220 essevolumus,
1142 4147 1221 4232 quod
1247 4167 1304 4210 nos
1321 4147 1431 4210 Abbati
1446 4149 1472 4208 et

280 4251 446 4318 Conventui
474 4255 648 4321 lllonasterii
680 4255 898 4321 Gottwioensis
925 4257 1003 4321 hanc
1031 4257 1253 4340 prerogativam
1286 4255 1471 4326 indulsimus,

281 4367 429 4446 quatenus
445 4363 474 4425 in
492 4364 627 4429 omnibus
645 4364 889 4449 possessionibus
911 4365 1006 4450 ipsius
1022 4364 1195 4429 monasterii
1219 4368 1280 4426 tam
1298 4366 1376 4427 citra
1393 4383 1471 4448 quan

281 4469 358 4535 ultra
381 4470 548 4536 Danubium
574 4473 672 4538 nullus
695 4494 822 4557 uuquam
846 4474 997 4538 hominum
1019 4474 1074 4538 sub
1095 4473 1215 4536 nomine
1237 4472 1405 4548 Advocati,
1428 4477 1472 4536 aut

281 4577 389 4651 ludex.
407 4579 456 4644 vel
472 4582 568 4647 Preco
585 4582 624 4646 de
640 4587 742 4646 nostra
758 4583 958 4667 permissione
975 4584 1022 4648 vel
1037 4582 1163 4647 alicuius
1180 4581 1285 4646 officii
1302 4581 1353 4648 vel
1369 4581 1472 4647 ludicii
