3074 5094
1170 377 1246 451 297

76 559 213 620 constare
244 553 380 620 uolumus
416 558 475 618 tam
501 555 692 640 presentibus
722 575 808 642 quam
832 555 958 630 futuris,
991 555 1071 642 quod
1102 577 1170 622 cum
1199 559 1249 644 pie

72 665 213 729 memorie
230 669 317 750 pater
339 670 442 732 noster
455 664 627 752 Liopoldua
639 665 705 730 Dux
716 665 834 730 bustric
854 669 883 730 et
901 665 1005 739 Stiric,
1024 666 1248 754 priuilegiumss)

72 774 188 840 dederit
215 773 346 839 ecclesie
374 773 588 848 Kotbwicensi,
618 774 756 857 quatinus
791 774 819 836 ei
851 774 889 836 de
916 773 1090 858 quibusdam
1117 775 1249 838 eiusdem

74 883 203 948 ecclesie
233 882 475 967 possessionibus
508 880 658 946 00“.11·.
682 882 773 946 Medii
801 903 906 956 auena,
935 903 992 968 que
1019 881 1108 965 uulgo
1140 883 1250 948 dicitur

72 989 273 1064 llarcbuiiter,
298 993 444 1054 annuatim
464 991 500 1055 ab
523 991 638 1056 Abbate
661 991 742 1056 illins
758 991 817 1058 loci
830 993 1030 1066 soluerentur,
1054 991 1115 1057 Nos
1132 1013 1249 1078 quoqne

71 1102 208 1182 uestigiis
224 1101 318 1185 patris
338 1101 433 1164 nostri
448 1100 632 1174 inherentes,
656 1103 715 1164 iam
732 1101 812 1165 dicte
828 1103 959 1166 ecclesie
976 1121 1030 1188 pro
1047 1103 1200 1166 commodo
1218 1108 1249 1166 et

71 1211 209 1294 profectu
244 1210 309 1273 eins
343 1229 460 1273 omnem
491 1208 682 1274 aduocaciam
716 1211 746 1272 in
773 1209 859 1273 bonis
885 1211 995 1294 ipsius,
1031 1231 1088 1297 que
1120 1210 1206 1276 nobis
1234 1233 1249 1274 a

75 1317 239 1384 Wicbardo
273 1318 311 1382 de
348 1318 546 1406 Zeoiopeoo)
583 1318 777 1382 ministeriale
813 1323 931 1390 nostro,
973 1340 1081 1384 uacare
1118 1326 1251 1405 ceperat,

73 1434 221 1511 perpetuo
247 1427 313 1490 iure
329 1427 516 1501 contulimus,
542 1448 577 1492 ea
599 1429 717 1493 scilicet
738 1429 864 1502 ratione,
889 1434 920 1492 nt
942 1426 996 1491 Cn.
1022 1429 1135 1494 Medios
1158 1449 1251 1493 auene

72 1536 348 1619 Newenburgensis
377 1537 505 1602 llletretc
541 1536 627 1601 nobis
654 1538 724 1602 inde
750 1536 881 1600 ecelesia
907 1537 1061 1620 persoluat
1088 1539 1251 1604 annuatim.

73 1645 206 1730 Itemque
222 1645 295 1709 xlc·
307 1647 417 1710 talenta
434 1667 491 1730 que
507 1645 598 1727 uulgo
616 1644 753 1708 dicuntur
769 1645 1020 1729 Lantplenninge,
1038 1668 1129 1731 snper
1145 1648 1251 1732 quibus

73 1755 225 1819 soluendis
240 1755 334 1819 iudici
349 1765 451 1819 nostro
468 1755 506 1818 dc
515 1754 623 1828 Tulna,
636 1775 673 1818 ne
687 1753 814 1838 aliquam
826 1753 1062 1820 iurisdictionem
1075 1757 1105 1818 in
1114 1757 1248 1821 homines

75 1865 208 1928 ecclesie
221 1864 357 1954 haberet,
371 1863 562 1948 priuilegium
578 1868 737 1948 acceperat
747 1883 762 1925 a
771 1861 869 1927 felicis
882 1864 1023 1928 memorie
1034 1870 1139 1949 patruo
1155 1871 1256 1931 nostro

74 1974 249 2048 lbideodco,
273 1975 419 2058 quondam
435 1974 519 2038 Duce
540 1973 669 2044 bustric,
693 1974 722 2036 in
745 1969 801 2035 0³².
823 1971 938 2035 llodios
955 1993 1049 2037 auene
1066 1973 1254 2039 Ncwenbur·

73 2085 175 2164 gensis
199 2087 346 2156 metreta,
371 2081 408 2146 ad
424 2082 595 2148 instanciam
623 2101 748 2165 precum
772 2079 894 2146 Abbatis
911 2087 941 2146 et
961 2089 1125 2148 conuentus
1150 2105 1256 2168 supra·

12 2253 13 2258 ,
74 2191 154 2256 dieto
179 2192 308 2257 ecclesie
336 2193 460 2256 fecimus
486 2191 674 2263 commutari,
704 2192 744 2254 ita
768 2191 930 2263 dumtaxat,
955 2196 986 2254 ut
1007 2192 1103 2258 nullus
1124 2192 1253 2257 iudicum

75 2305 243 2366 nostrorum
273 2322 328 2366 nec
364 2303 440 2366 citra
464 2322 520 2366 nec
542 2301 617 2364 nltra
641 2299 810 2371 danubium,
835 2299 962 2384 aliquam
984 2299 1092 2365 babeat
1112 2301 1255 2368 iurisdic-

11 2465 12 2470 ,
73 2413 180 2477 tionem
199 2414 231 2474 in
247 2411 332 2475 bonis
349 2411 419 2483 illis,
443 2411 475 2474 in
491 2410 598 2496 quibus
615 2407 742 2474 soluitur
757 2410 815 2473 bec
839 2430 942 2481 auena,
967 2410 1024 2474 nisi
1045 2411 1124 2475 forte
1146 2410 1255 2496 aliquis

75 2526 166 2584 morte
190 2521 454 2607 condempnandos
481 2521 511 2584 in
538 2520 626 2583 bonis
651 2518 712 2582 illis
737 2524 875 2606 repertus
902 2521 1008 2591 fuerit.
1037 2542 1124 2606 quem
1154 2526 1254 2586 tamen

74 2619 159 2720 iuden
182 2634 286 2694 noster
307 2631 429 2716 propria
454 2631 630 2694 auctoritate
652 2650 710 2692 non
733 2629 907 2712 usurpabit,
939 2629 995 2693 sed
1016 2630 1144 2694 retentis
1165 2629 1252 2694 bonis

74 2737 152 2803 illum
175 2739 254 2803 sicut
276 2739 395 2819 cingulo
419 2740 570 2803 accinctus
593 2737 694 2810 luerit,
724 2742 826 2800 nostro
849 2735 942 2801 indici
964 2738 1099 2801 homines
1122 2739 1254 2802 ecclesie

74 2849 279 2934 assignabunt.
319 2849 360 2913 Ut
384 2853 481 2912 autem
508 2848 566 2912 hec
591 2853 655 2911 rata
683 2851 713 2910 et
734 2847 909 2912 inconuulsa
934 2849 999 2912 sine
1021 2848 1079 2912 line
1105 2854 1253 2921 maneant,

73 2964 245 3042 presentem
262 2959 401 3044 paginam
418 2958 509 3040 sigilli
527 2939 621 3022 nostri
632 2959 820 3042 inpressione
836 2959 961 3022 fecimus
978 2956 1122 3020 roborari.
1148 2959 1257 3022 Testes

72 3066 157 3130 buius
190 3069 238 3130 rei
275 3071 352 3132 sunt.
404 3068 577 3156 Liupolduo
616 3065 783 3130 canonicus
823 3067 1017 3130 Patauiensis.
1067 3064 1186 3132 Vtricuo
1216 3067 1255 3130 de

76 3177 265 3260 Witzliotors
274 3175 383 3242 scriba.
411 3175 590 3242 Cbodoldoa
611 3175 738 3258 Dapilcr
761 3174 797 3237 de
819 3175 1033 3263 Veldcopercb.
1076 3175 1259 3240 ll'icburdus

74 3284 108 3350 dc
128 3287 330 3352 Arenetcine.
365 3287 432 3350 Otto
455 3287 581 3369 Dapilcr
603 3285 640 3350 de
663 3286 870 3351 Ottccotoioe.
906 3286 1024 3350 Vtricuo
1046 3283 1084 3346 de
1108 3283 1257 3350 Cbo‘rcbc-

75 3397 165 3484 linqe.
215 3397 411 3462 Hoertoidua
446 3397 483 3459 de
514 3396 751 3482 Sabaeoqaope.
798 3394 912 3459 Albero
955 3393 991 3457 de
1022 3394 1252 3460 Swnrcenowe.

74 3507 218 3572 Alcman
234 3505 421 3570 Camerarius
446 3507 483 3570 de
505 3507 712 3590 Lobacndorf.
741 3506 911 3590 Wolflccrus
924 3503 966 3568 de
982 3507 1122 3569 Pornwc.
1151 3505 1254 3570 Oban-

75 3619 170 3682 roduo
194 3618 300 3689 Pater,
333 3621 363 3680 ct
385 3615 435 3679 alii
459 3615 572 3701 plnres.
609 3618 681 3678 Acta
710 3616 739 3677 in
762 3614 919 3701 Impurata
945 3613 994 3677 11.ο
1024 3613 1125 3678 Nonas
1147 3613 1255 3679 Martii.

75 3729 154 3790 Anno
181 3725 293 3789 domini
317 3727 369 3788 ll.t
386 3723 455 3790 (30⁰.
472 3725 597 3788 xxxlr.
614 3725 779 3788 Indictione
801 3723 917 3806 Quinta.

145 3853 186 3908 An
211 3853 260 3906 der
283 3851 409 3906 Urlrnnde
432 3851 513 3921 bangt
538 3849 584 3905 das
605 3853 653 3920 gut
676 3851 811 3904 erbaltene
835 3849 994 3918 ldimasiegal
1013 3849 1060 3904 des
1079 3849 1204 3918 Hernogs,
1223 3867 1256 3903 an

79 3945 124 3999 der
142 3943 313 4000 Vorderseile
327 3943 373 3997 mit
393 3943 452 3996 dem
470 3943 716 4014 Binderrappen
735 3941 769 3996 im
787 3941 903 4002 Scbilde,
923 3941 970 3994 aul
986 3941 1034 3994 der
1052 3940 1193 3994 Kebrseite
1213 3941 1259 3994 mit

78 4036 133 4089 dem
152 4036 326 4091 steierischen
344 4035 467 4088 Panther.
498 4035 532 4087 lls
556 4033 590 4087 ist
609 4039 717 4103 grbsscr
742 4035 779 4088 als
800 4033 842 4088 die
861 4033 1010 4101 Abbildung
1036 4032 1078 4084 bei
1097 4033 1224 4102 llerrgott
1242 4032 1259 4084 l.

80 4143 102 4181 c.
120 4130 173 4183 tab.
193 4127 235 4182 lV.
254 4145 278 4180 n.
300 4127 324 4180 l.
345 4125 417 4198 (Vgl.
432 4125 495 4178 llnrl
513 4141 562 4178 von
577 4123 643 4178 Sara
657 4125 674 4177 l.
694 4141 718 4177 c.
738 4125 800 4178 322.
820 4125 881 4180 340.
900 4121 944 4176 Nr·
957 4123 992 4177 23
1012 4120 1053 4192 b.)

151 4237 184 4308 l)
210 4236 284 4290 Nacti
308 4236 354 4290 Dr.
381 4253 405 4289 v.
425 4233 550 4288 ldciller's
581 4231 747 4301 Remerlrung
780 4233 806 4285 in
837 4231 889 4286 den
915 4231 1101 4299 Bobenberger
1125 4229 1257 4298 Regasten

81 4327 161 4398 (Note
174 4327 237 4382 432.
257 4325 285 4379 S.
298 4325 367 4397 263)
387 4326 458 4378 funrt
480 4325 582 4394 Herzog
601 4321 736 4376 Friedrich
759 4323 790 4376 ll.
811 4323 867 4376 bier
892 4341 949 4376 zum
968 4326 1079 4376 ersten
1098 4323 1182 4376 Male
1208 4322 1258 4376 den

79 4419 161 4474 Titel:
183 4417 537 4480 dominuanrniole,
556 4415 634 4469 sumit
649 4416 781 4468 schonnm
793 4415 942 4469 llianhr
960 4415 1096 4476 frdber,
1115 4415 1258 4468 alsllnnch

79 4511 104 4563 in
121 4511 209 4566 seiner
228 4508 467 4564 dsterreicbischen
489 4507 650 4562 Gcsehiebte
671 4506 716 4578 (ll.
729 4508 758 4562 B.
776 4507 803 4559 S.
822 4507 884 4560 416.
898 4506 925 4576 ᾖ.
939 4505 989 4578 31)
1009 4505 1076 4559 nach
1096 4504 1146 4558 den
1160 4504 1258 4560 damals

78 4600 176 4674 (1⁷80)
195 4603 344 4657 bekanntcn
364 4599 505 4655 Urlrunden
529 4599 627 4670 angibt.
