3122 5096
303 395 352 465 18

299 590 432 633 mansuro
449 590 537 633 unum
554 570 586 633 zi
600 569 744 656 dttinqtn
760 568 797 631 ad
814 567 909 631 altare
926 565 957 628 S.
975 565 1068 628 Marie
1085 565 1150 628 sine
1166 563 1226 628 ulla
1239 565 1494 628 contradictione.

295 678 388 742 Huius
403 679 573 742 traditionis
590 678 718 742 adhibiti
735 681 805 740 sunt
820 680 926 740 testes.
951 674 1107 762 Piliqrim.
1124 674 1300 761 Mcqinqos.
1318 675 1455 738 Bcrtolt.

842 861 939 934 LVII.

345 1068 356 1084 ,
388 1005 499 1069 Notum
513 1008 553 1069 sit
569 1005 707 1069 omnibus
723 1009 784 1068 tarn
801 1001 993 1087 presentibus
1008 1021 1095 1086 quarn
1108 1021 1291 1064 successura
1304 1002 1502 1085 posteritatis

298 1113 452 1179 fidelibus.
479 1114 558 1198 quod
581 1113 706 1198 quedam
728 1117 861 1176 naatrona
884 1111 1030 1175 uocabulo
1045 1112 1232 1198 Marqoretc
1255 1111 1381 1174 tradidit
1398 1132 1502 1194 super

296 1224 392 1287 altare
410 1224 442 1287 S.
461 1223 557 1286 biario
573 1243 707 1285 mansum
725 1240 813 1285 unum
832 1221 869 1284 ad
885 1219 1114 1303 Stroncisdors.
1142 1219 1178 1282 ob
1194 1218 1360 1282 remedium
1373 1218 1429 1281 titii
1443 1219 1497 1283 sui

295 1337 326 1394 et
340 1337 497 1416 parentum
522 1351 653 1394 suorum.
678 1329 754 1394 Huic
774 1316 935 1392 traditioni
950 1348 1008 1411 per
1029 1346 1130 1390 aurem
1147 1325 1273 1392 adhibiti
1296 1331 1366 1388 sunt
1382 1331 1496 1390 testes.

293 1441 450 1529 Piliqrim.
475 1440 651 1527 Meqinqoa.
679 1440 812 1526 Gompo.

836 1619 945 1691 LVIII.

383 1762 509 1825 Noncrit
525 1760 655 1824 omniurn
672 1756 788 1823 Christi
803 1759 935 1823 tidetinrn
951 1762 1014 1821 tarn
1029 1778 1157 1842 presens
1175 1761 1241 1820 etas
1258 1777 1347 1840 quarn
1362 1777 1496 1820 sucees-

295 1890 368 1932 sura
377 1871 549 1953 posteritas.
565 1867 829 1953 quaditerquedam
841 1871 974 1930 matrona
983 1865 1174 1931 Hebndorcb
1187 1865 1276 1929 dicta.
1290 1886 1345 1948 pro
1355 1865 1497 1929 remedio
1555 1935 1557 1940 ,

297 1977 395 2040 anime
415 1977 514 2040 rnariti
537 1977 582 2040 sui
604 1976 722 2040 Edonis
737 1975 862 2038 tradidit
877 1994 1012 2037 mansum
1027 1995 1118 2036 unum
1134 1975 1213 2037 iuxta
1229 1974 1429 2039 Persnicbie.
1458 1973 1499 2036 ad

293 2084 388 2148 altare
419 2083 452 2146 S.
479 2086 584 2148 Maria.
620 2084 714 2148 Huius
741 2083 914 2147 traditionis
943 2083 1071 2150 adhibiti
1099 2088 1170 2147 sunt
1191 2087 1297 2147 testes.
1331 2083 1497 2170 Piliyrim.

231 2205 235 2214 '
288 2194 464 2282 Meqiaqos.
488 2195 659 2259 Pcrcbort.
687 2193 987 2262 necantem.
1012 2193 1140 2258 Hotolt.
1163 2193 1282 2258 Snetto.
1307 2194 1500 2257 inuestiture

290 2303 449 2391 Pitiqrim.

850 2432 935 2503 htx.

379 2569 526 2636 Nouerint
542 2571 677 2635 uniuersi
693 2575 800 2634 sancte
816 2571 950 2636 ecclesie
966 2571 1029 2634 filii.
1046 2573 1181 2654 qualiter·
1192 2571 1311 2655 quidam
1326 2571 1495 2638 Atticinus

291 2679 334 2744 ob
346 2681 512 2743 semodium
529 2680 626 2742 anime
642 2679 745 2743 uxoris
761 2697 815 2741 sne
833 2678 917 2742 dedit
933 2699 1068 2743 rnansrnn
1083 2699 1176 2743 unum
1190 2679 1267 2764 apud
1286 2681 1402 2745 Granti
1415 2700 1495 2764 pos-

291 2788 422 2852 sessioni
446 2788 548 2853 ebetsi
574 2789 755 2870 contiguum.
792 2787 831 2850 ut
854 2793 887 2850 ut
909 2787 968 2851 hec
989 2789 1111 2852 traditio
1136 2788 1313 2853 inconuulsa
1337 2796 1495 2873 perpetuo

293 2903 476 2980 permaneat.
501 2897 544 2959 hii
565 2902 663 2961 testes
686 2901 755 2961 sunt
777 2897 911 2961 adhibiti.
936 2897 1085 2985 Piliqrim
1107 2905 1138 2963 et
1161 2897 1240 2962 titius
1264 2899 1330 2961 eius
1348 2900 1493 2986 Repeto.

289 3006 393 3070 Hezit.
409 3006 577 3072 Heinrich.
594 3006 714 3072 Scotto.
734 3009 815 3072 Otto.

853 3193 920 3264 LX.

380 3330 529 3394 Nouerint
550 3331 684 3394 uniuersi
712 3337 817 3395 sancte
833 3330 968 3396 ecclesie
983 3330 1047 3396 titii.
1072 3330 1152 3414 quod
1168 3330 1294 3417 qnidam
1304 3329 1431 3394 nobilis.
1457 3328 1493 3392 rt

289 3438 473 3526 Adolprebt
487 3439 611 3502 tradidit
628 3459 721 3522 super
737 3441 831 3504 altare
848 3441 880 3504 S.
901 3441 995 3503 Marte
1013 3440 1086 3503 duas
1103 3440 1207 3502 uineas
1225 3439 1303 3522 apud
1321 3437 1492 3524 Cbopans·

290 3547 390 3612 durch
413 3548 497 3611 sitas.
531 3567 567 3610 ea
590 3547 709 3611 scilicet
733 3547 913 3612 conditione.
946 3552 979 3610 ut
1003 3546 1061 3610 sibi
1088 3566 1243 3630 quousque
1264 3547 1392 3608 uiueret.
1421 3566 1493 3609 usus

289 3653 474 3718 fructuarius
487 3654 669 3718 descruiret.
687 3653 779 3718 Huius
792 3655 963 3718 traditionis
975 3675 1148 3738 percussero
1159 3654 1287 3718 adtracti
1298 3660 1369 3718 suut
1380 3659 1491 3718 testes.

287 3762 486 3827 Friedericb.
523 3763 642 3828 Wiesa't.
674 3764 819 3850 Hoqano.
859 3763 1052 3847 Wotflcaacb.
1092 3762 1256 3847 Wotfbere.
1295 3762 1491 3828 Gotiseoleb.

289 3870 470 3934 incestiture
491 3871 593 3936 Wcail.

849 4001 932 4071 LXI.

382 4137 528 4202 Nouerint
556 4159 659 4202 ornnes
682 4137 796 4202 Christi
820 4137 938 4202 fideles.
970 4138 1098 4222 qualiter
1120 4139 1248 4224 quidam.
1281 4139 1317 4202 N.
1341 4141 1490 4206 Berbtolt

292 4268 347 4333 pro
364 4246 528 4311 dilectione
545 4247 598 4310 iiiii
615 4248 660 4312 sui
687 4247 840 4314 Woltbcra'
860 4248 1021 4313 nobiscum
1047 4248 1081 4312 ic
1103 4248 1294 4313 monasterio
1316 4249 1486 4316 educandi.

289 4354 413 4418 tradidit
435 4373 527 4437 snper
551 4354 647 4419 attare
677 4355 709 4418 S.
736 4355 829 4421 Maria
852 4355 1009 4422 dimidium
1027 4373 1161 4420 mansuro
1186 4355 1224 4420 ad
1245 4356 1435 4445 Bastinqa'n.
1460 4359 1487 4418 ct

289 4463 458 4546 pomarium
472 4482 542 4530 cum
555 4464 652 4531 uiues.

380 4571 506 4653 Quidam
524 4573 622 4636 etiam.
647 4571 687 4635 N.
705 4572 825 4638 Μία
840 4571 951 4636 ibidem
968 4571 1098 4636 tradidit
1110 4571 1203 4636 stul..
1213 4573 1329 4653 iugera.
