3122 5096
620 683 687 752 Lll.
721 727 724 732 -

146 815 276 881 Noucrit
292 819 421 883 omnium
439 817 553 884 Christi
569 815 952 904 sanguine‘redemptorum
968 824 1028 883 tam
1044 811 1171 904 presens
1184 825 1249 886 ctas
1285 873 1288 876 .

59 944 143 1008 quam
171 945 354 990 successura
376 928 552 1010 posteritas.
586 927 715 1011 qualiter
738 927 859 1014 quidam
884 930 954 993 Otto
982 927 1108 991 tradidit
1131 929 1250 993 uincam

58 1053 142 1096 unam
168 1056 237 1099 cum
261 1055 319 1098 uno
342 1033 489 1118 mancipio
512 1037 543 1098 in
559 1055 676 1098 manum
698 1035 853 1098 cniusdam
869 1036 984 1115 nobilio
999 1037 1066 1101 uiri
1080 1038 1249 1102 basconia.

58 1161 91 1203 ea
113 1141 260 1206 uidelicet
283 1144 466 1208 conditione.
492 1149 638 1228 quatenus
660 1143 741 1207 idem
764 1143 885 1225 legator
908 1144 1034 1208 eandem
1051 1165 1141 1230 super
1157 1147 1252 1209 altare

58 1247 88 1311 S.
106 1250 203 1313 Marie
229 1250 394 1333 delegaret.
426 1252 511 1334 Quod
537 1257 569 1316 et
588 1252 700 1315 iactum
725 1256 780 1314 cst.
812 1252 903 1342 Huius
927 1249 1100 1316 traditionis
1124 1253 1274 1317 adhibiti

57 1363 124 1421 sunt
142 1353 252 1422 testes.
283 1361 439 1448 Piliprim.
470 1361 640 1448 Rapinper.
670 1361 818 1446 Ratpoto.
846 1360 1033 1432 adalbreht.
1065 1362 1249 1448 Dictpront.
1334 1373 1336 1376 ’

55 1465 173 1530 Socllo.
198 1466 381 1551 blancipium
397 1467 478 1552 quod
495 1467 588 1533 dedit.
606 1467 642 1531 N.
660 1467 792 1532 flemma.

610 1654 695 1724 nm.
787 1735 789 1742 ,

143 1789 294 1854 Nouerint
310 1813 412 1857 omnes
428 1799 488 1857 tam
499 1793 650 1878 presentis
664 1791 751 1855 etatis
765 1809 852 1876 quam
871 1797 1054 1857 successure'
1064 1771 1251 1878 posteritatis

55 1895 161 1961 tidcles
180 1899 311 1983 qualiter
327 1894 447 1985 quidam
463 1901 617 1966 Hortoitb
634 1921 700 1969 cum
717 1899 839 1963 licentia
856 1901 981 1988 dominc
995 1923 1052 1966 suc
1066 1903 1253 1990 Hiltipurclo
1316 1974 1318 1980 ,
1429 1905 1432 1984 ]

55 2002 136 2070 dedit
152 1995 293 2090 predium
310 2029 395 2073 suum
412 2005 600 2093 Pettindots
608 2010 696 2073 situm
715 2008 752 2070 ad
770 2008 863 2072 altare
880 2009 912 2072 S.
925 2009 1020 2072 Maria
1033 2010 1070 2073 ob
1083 2011 1249 2076 remedium

56 2118 151 2180 anime
167 2138 224 2181 sue
241 2122 271 2181 et
287 2119 475 2184 domiciani
489 2119 627 2205 Epilolfi.
644 2137 701 2180 usn
720 2116 780 2178 sibi
796 2117 962 2180 fructuario
980 2098 1137 2203 derelicto.
1155 2119 1248 2184 Huius

53 2225 226 2288 traditionis
239 2225 366 2290 adhibiti
378 2231 448 2290 sunt
461 2209 568 2289 testes.
585 2225 743 2312 Pilipaim.
758 2224 935 2313 Mcpinpoc.
951 2226 1111 2291 Rabiwin.
1128 2227 1251 2315 Mcpin·

54 2330 136 2398 bort.
153 2333 340 2398 lnuestiture
356 2334 514 2423 Piliprim.
859 2356 861 2360 ·
1140 2332 1149 2359 ³

613 2464 696 2536 LIV.
739 2471 768 2510 '·
879 2457 882 2461 ’

140 2601 293 2667 Nouerint
307 2603 441 2668 uniuersi
458 2600 562 2668 sancte
579 2602 780 2668 ecclesie-tilii
795 2606 861 2666 tam·
872 2607 973 2666 nostra
990 2607 1069 2669 etate
1085 2611 1245 2688 presentes

53 2729 139 2793 quam
172 2712 273 2776 futura
305 2714 484 2796 posteritate
511 2712 720 2776 succedentes.
757 2711 888 2794 qualiter
920 2712 1041 2796 quidam
1075 2715 1249 2780 Heinricoc

52 2819 224 2882 secularem
246 2820 388 2886 miliciam
411 2821 491 2903 apud
512 2840 567 2883 nos
590 2822 620 2883 in
641 2819 830 2902 spiritualem
852 2824 1048 2886 commutans.
1072 2821 1252 2886 dominicale

53 2925 202 3009 quoddam
216 2928 477 2993 Tabiram'awicin
491 2928 611 2992 dictum.
628 2932 659 2991 ct
670 2947 806 2991 mansum
818 2949 907 2992 unum
920 2930 999 2991 iuxta
1010 2929 1252 2994 Potiobrconin.

57 3034 310 3120 Wicrantiodorf
333 3037 444 3100 dictum
474 3057 531 3120 per
552 3056 669 3099 manum
699 3037 793 3119 patris
821 3037 868 3098 sui
891 3036 1048 3102 Hadcrioi
1068 3038 1193 3100 tradidit
1214 3037 1252 3101 ad

53 3140 149 3205 altare
167 3143 276 3206 Marie.
294 3145 408 3228 absque
427 3144 485 3228 ull—a
504 3145 751 3209 contradictione.
769 3143 861 3206 Huius
878 3143 1048 3207 traditionis
1065 3147 1138 3208 satis
1151 3145 1253 3210 idonei

52 3253 149 3316 testes
181 3255 267 3315 sunt
284 3251 420 3315 adhibiti.
455 3253 622 3318 Hederieh
644 3253 773 3338 ioniam
799 3251 995 3315 Gundccbor
1024 3257 1055 3314 et
1080 3251 1159 3316 fitius
1186 3256 1252 3317 eius

55 3359 175 3424 Gerolt.
203 3360 342 3424 Romolt.
373 3365 404 3422 et
420 3359 499 3422 filius
518 3362 583 3424 eius
599 3361 763 3426 Meriboto.
791 3360 872 3424 Otto.
897 3359 1066 3424 Eberhard
1089 3361 1250 3448 Richpolt.

618 3545 686 3616 LV.

145 3685 231 3747 ldem
260 3685 348 3772 etiam
371 3685 543 3748 Heinrieus
571 3686 629 3750 alio
661 3689 798 3767 tempore
820 3680 1040 3747 hierosolimam
1061 3685 1256 3766 profecturus

52 3791 179 3854 tradidit
196 3791 234 3854 ad
248 3793 376 3856 eundem
388 3777 513 3878 tytulum
532 3793 610 3858 aliud
628 3793 767 3878 predium
782 3792 1055 3856 Hcdcrichiswcrt
1072 3789 1183 3854 dictum
1199 3812 1255 3877 per

55 3917 175 3962 manum
212 3899 365 3962 cuiusdam
392 3901 529 3965 adroaldi
556 3900 664 3964 nobilis
687 3901 755 3963 uiri.
784 3902 831 3963 cui
857 3905 923 3962 erat
945 3898 1125 3980 delegatum.
1164 3899 1256 3963 lluius

52 4008 225 4072 traditionis
242 4008 406 4073 introducti
423 4013 494 4072 sunt
510 4014 616 4074 testes.
643 4005 834 4074 cataractus
845 4029 931 4095 poca·
953 4007 1091 4074 aduocati
1108 3983 1256 4073 dedalrici

51 4113 139 4181 filius.
159 4116 333 4204 Rapinper.
351 4119 525 4184 Rumoltet
541 4116 596 4181 filii
613 4117 688 4181 eius.
709 4171 712 4174 .

611 4247 696 4320 LVl.

141 4405 275 4474 Nouerit
291 4405 421 4468 omnium
437 4403 553 4466 Christi
572 4403 705 4467 fidelium
720 4408 780 4466 tam
796 4421 924 4485 presens
941 4403 1011 4464 etas¹
1022 4419 1251 4488 quamsucces·

52 4533 119 4576 sura
136 4513 313 4598 posteritas.
331 4511 459 4597 qualiter
475 4499 602 4602 quedam
614 4516 749 4576 matrona
762 4511 881 4573 nomine
896 4508 1031 4574 cicutae
1046 4529 1101 4592 pro
1112 4509 1248 4574 remedio

52 4623 151 4685 anime
173 4622 234 4687 uiri
252 4621 298 4686 sui
314 4621 465 4687 Heinrici
478 4621 536 4684 iam
553 4627 622 4684 ante
644 4610 702 4684 alio
719 4619 796 4683 loco.
821 4621 927 4702 postca
949 4617 998 4680 hic
1015 4615 1151 4680 tumulati
1166 4617 1249 4682 dedit

81 4729 179 4774 Fontes.
197 4729 225 4773 X.
446 4737 448 4741 ·
1018 4722 1035 4773 2
