3094 5094
1221 347 1272 422 85

71 525 171 596 marl.
193 526 287 614 Hopo
304 527 346 594 aa
365 525 498 592 Vootoo.
515 531 547 590 et
558 526 647 612 filios
663 527 732 592 eiua
747 525 929 610 Heinriooa.
952 525 1141 592 Charmadas
1159 524 1274 590 Toerd.

72 633 112 699 de
129 629 318 722 Chaiptrara.

564 819 788 890 cccxxvlll.

161 956 209 1022 Ne
225 978 283 1044 qua
303 957 366 1022 litis
383 957 554 1022 suboriatur
570 957 770 1022 tumultuatio.
787 963 852 1022 rata
867 959 987 1022 testium
1005 956 1169 1041 calamique
1186 955 1274 1020 adhi-

70 1065 168 1131 henda
193 1071 242 1130 est
268 1068 433 1132 roboratio.
466 1065 577 1130 Notum
600 1067 640 1129 sit
663 1046 756 1148 igitir
779 1067 896 1130 eunetis
926 1067 1015 1130 huius
1043 1065 1176 1129 ecclesie
1203 1065 1273 1128 tiliis

72 1174 201 1260 qualiter
217 1175 353 1239 dominus
369 1175 571 1242 Hodemarua
588 1175 629 1239 de
644 1171 782 1259 odorifero
799 1175 984 1238 assentiente
997 1175 1065 1260 filio
1077 1195 1134 1238 auo
1150 1175 1271 1240 Ottooe.

72 1284 226 1366 delegauit
242 1305 334 1368 super
350 1283 444 1348 attare
461 1305 485 1346 s.
503 1285 599 1347 Marie
614 1283 753 1367 predium
770 1282 806 1346 ad
823 1284 926 1348 molta.
952 1303 987 1346 ea
1004 1281 1150 1346 uidelicet
1167 1281 1272 1346 eondi-

69 1392 159 1456 tione.
181 1391 393 1476 quoadusque
417 1393 485 1478 ipse
509 1391 665 1456 aduixerit.
687 1391 837 1454 annuatim
863 1411 985 1454 censum
1001 1391 1062 1454 XII.
1082 1391 1273 1454 denariorum

70 1499 234 1584 persoluat.
252 1500 319 1584 ipso
336 1503 436 1563 autem
453 1500 582 1564 obeunte
598 1499 709 1563 fratres
724 1500 900 1562 'monasterii
916 1499 989 1562 illud
1001 1499 1066 1562 iura
1078 1500 1273 1582 proprietatis

69 1607 256 1690 possideant.
282 1607 375 1671 Huius
391 1609 437 1672 rei
452 1613 550 1674 testes
567 1613 647 1672 sunt.
664 1609 818 1672 Dominus
832 1609 904 1672 Otto
923 1608 964 1672 de
979 1608 1177 1694 Romaparota
1185 1603 1273 1693 fitius

69 1716 252 1803 supradicti
263 1717 302 1780 Η.
315 1718 518 1782 Hodemorua
530 1717 569 1781 de
580 1718 775 1782 monaterio.
793 1713 912 1781 Vtrioua
924 1717 964 1780 de
975 1716 1111 1802 uiedors.
1124 1717 1272 1782 Dorioot

69 1825 108 1889 de
124 1826 194 1889 ode.
211 1825 383 1890 Heinrioua
394 1826 434 1889 ote
446 1825 538 1911 dape.
556 1826 734 1890 Hiltibroot
749 1827 790 1890 de
805 1826 977 1890 donnourt.
996 1829 1027 1888 et
1046 1827 1116 1891 Otto
1130 1829 1160 1887 et
1170 1826 1272 1890 Hein-

69 1933 165 1998 riooa.
189 1933 363 1998 Heioriooa
386 1939 417 1997 et
436 1936 544 2018 frater
567 1933 634 1998 eius
659 1934 851 1998 Peritotdoa
872 1941 1013 2020 pretaer.
1037 1934 1210 1998 Heinrioua
1231 1934 1272 1998 de

67 2043 200 2129 maden.
235 2043 306 2106 Otto
334 2045 365 2105 et
386 2042 558 2108 Heinrious
580 2041 620 2105 de
641 2041 851 2108 Aaainoeroo.
895 2043 1013 2107 Otoder
1040 2048 1071 2105 et
1093 2043 1204 2108 Atrans
1230 2044 1270 2106 de

70 2150 217 2234 etruscern.
246 2149 437 2215 Waloiouoaa
453 2151 493 2214 de
513 2151 722 2238 wiopozainp.
753 2152 824 2216 Otto
846 2152 886 2215 de
900 2151 1142 2216 Hortmiestain.
1165 2150 1269 2215 Mein-

70 2257 190 2324 dordua
205 2260 246 2323 de
261 2280 286 2322 a.
304 2259 487 2324 Laurentio.
514 2258 584 2323 Otto
601 2259 641 2323 de
656 2259 895 2324 Salmanata‘ten.

573 2443 768 2514 CCCXXIX.

155 2583 226 2668 lpso
245 2583 294 2646 die
311 2581 367 2648 sub
386 2582 568 2666 prescriptis
592 2583 733 2646 testibus.
757 2581 913 2668 predictus
933 2584 1004 2649 Otto
1021 2584 1062 2648 de
1083 2583 1269 2669 romaperotr

12 2711 14 2716 ·
69 2690 105 2754 ob
130 2691 299 2755 remedium
327 2692 424 2754 anime
452 2692 566 2756 dilecte
591 2693 736 2779 ooniopia
762 2691 1035 2780 aoe(Clmoipoet
1056 2689 1267 2778 suprascript.)

68 2799 190 2864 tradidit
214 2820 306 2885 super
330 2799 423 2863 altare
446 2799 479 2862 S.
498 2800 602 2864 Marte.
621 2801 757 2883 predium
773 2803 906 2889 Epipne.
925 2806 955 2864 et
972 2799 1045 2863 tht.
1063 2801 1212 2882 mancipia
1229 2799 1267 2862 ob

68 2927 199 2972 consum.
218 2908 253 2971 V.
271 2908 462 2972 denariorum
480 2909 630 2972 annuatim
647 2910 893 2991 persoluendum.

576 3094 754 3165 CCCXXX.

153 3235 230 3298 Item
253 3234 308 3298 sub
331 3235 399 3317 ipso
425 3234 474 3296 die
491 3235 714 3299 Hittibrondus
731 3235 771 3298 de
787 3235 970 3299 duoniunrt
994 3235 1148 3316 delegauit
1172 3256 1267 3318 super

67 3341 157 3406 altare
179 3365 205 3406 s.
227 3343 320 3406 Marie
342 3342 398 3404 sub
423 3343 637 3425 prenominatis
660 3341 791 3404 testibus
815 3343 966 3406 dimidium
991 3364 1124 3406 mansum
1148 3344 1177 3405 in
1195 3345 1265 3407 iro-

68 3450 281 3516 botdeawiaen.
295 3450 333 3514 ad
344 3469 470 3514 oensum
477 3450 539 3513 Xtt.
549 3451 738 3515 denariorum
748 3453 844 3536 quoad
854 3455 921 3535 ipse
934 3453 1006 3516 uixit
1018 3453 1265 3534 persoluendum.

569 3637 762 3707 cccxxxi.

154 3775 194 3840 Vt
218 3773 304 3839 nohis
327 3775 457 3838 exhibita
482 3777 532 3858 pia
557 3776 687 3839 fidelium
711 3776 841 3840 deuotio.
870 3775 976 3838 calami
998 3777 1159 3842 roboretur
1175 3780 1265 3842 testi-

68 3885 172 3949 monio.
196 3889 387 3968 posterorum
410 3887 552 3948 memorie
576 3885 685 3948 litteris
710 3884 961 3948 commendamus.
989 3886 1069 3968 quod
1091 3863 1264 3952 (idotrr‘oam

68 3991 182 4074 quidam
207 3994 298 4056 mileo
318 3995 358 4058 de
378 3993 567 4058 minuebant
589 4001 790 4076 cognomento
810 3991 904 4058 arihel
925 3995 1042 4058 uineam
1072 3994 1158 4059 nobis
1185 3995 1263 4079 apud

69 4104 205 4186 rordorf
213 4121 280 4166 oum
298 4101 432 4182 legitimo
449 4121 523 4182 agro
541 4122 594 4164 suo
611 4103 875 4185 improprietatem
898 4103 1030 4166 tradidit.
1054 4124 1109 4186 pro
1126 4105 1261 4168 remedio

71 4209 161 4274 anime
183 4211 249 4272 eius
272 4212 303 4271 et
326 4211 425 4272 uxoris
448 4230 512 4272 sue.
538 4209 620 4274 Hane
645 4210 675 4273 in
698 4209 747 4274 die
772 4211 929 4294 sepulture
952 4213 1016 4275 eius
1041 4216 1072 4276 ut
1088 4214 1155 4296 ipse
1172 4234 1263 4295 roga-

69 4325 151 4382 uerat
169 4316 251 4384 Trita
265 4319 306 4382 de
325 4317 513 4410 minuebant
539 4319 623 4382 ouius
648 4319 840 4402 dispensator
861 4321 968 4382 fueret.
992 4320 1148 4401 delegauit
1169 4343 1263 4404 super

71 4424 220 4490 altares.
240 4426 344 4490 Mario.
377 4426 469 4490 Huius
486 4429 532 4490 rei
550 4431 646 4490 testes
668 4434 746 4490 sunt.
770 4425 951 4514 Ridiperaa
972 4430 1012 4494 de
1031 4429 1263 4514 Riolaerisdorf.

69 4535 240 4602 Humidus
248 4537 287 4600 de
294 4534 491 4600 minuerant.
505 4537 679 4602 Hermiona.
695 4537 889 4602 Weraoerua.
898 4539 1063 4623 liudolfus.
1073 4539 1260 4604 Hortoidoa.
