3074 5094
288 347 363 418 284

285 523 437 588 arbitrium
453 523 508 588 sub
525 543 602 607 pena
625 527 777 608 pretaxate
794 523 920 606 pecunie
945 521 1068 585 firmiter
1096 525 1262 585 statuentes
1293 517 1462 583 obseruari.

286 632 424 704 Primum,
444 639 475 695 ut
491 632 547 695 sibi
564 630 601 694 ad
614 631 740 694 inuicem
754 651 906 695 rancorem
922 632 1113 702 dimitterent,
1136 630 1185 716 qui
1203 651 1239 692 ex
1250 628 1354 692 eadem
1373 647 1463 691 causa

287 740 442 804 uidebatur
464 741 542 803 inter·
570 759 623 803 eos
644 745 726 802 ortus
753 740 868 816 luisse,
899 745 928 803 et
946 741 1110 823 possessio,
1135 757 1189 821 pro
1212 757 1269 822 qua
1288 734 1464 798 uertebatur

286 849 500 922 controuersia,
528 849 657 912 ecclesie
681 849 888 914 Kotewicensi
907 850 936 912 in
959 847 1024 912 iure
1042 853 1210 912 remaneret
1226 853 1372 930 perpetue
1391 863 1462 926 pro-

287 959 432 1040 prietatis,
451 963 481 1022 et
501 957 598 1022 Abbas
614 958 815 1024 Medlicoacis
840 978 893 1020 suo
913 961 945 1021 et
967 957 1091 1022 fratrum
1117 977 1237 1021 suorum
1260 957 1382 1020 nomine
1405 963 1462 1016 tam

287 1066 382 1130 eidem
395 1069 578 1150 possessioni
594 1088 680 1152 quam
698 1066 857 1151 priuilegio
879 1068 1091 1151 prememorati
1104 1067 1250 1132 Heinrici
1270 1063 1462 1148 imperatoris

289 1174 404 1259 publice
420 1177 449 1238 in
466 1196 568 1240 uranus
582 1181 699 1240 nostras
712 1177 905 1248 renuntiaret,
919 1173 972 1238 sub
992 1195 1069 1258 pena
1081 1180 1231 1258 pretaxate
1248 1175 1462 1257 precipientes,

286 1284 407 1347 utnulla
424 1284 547 1366 amplius
564 1284 633 1346 inde
646 1286 761 1366 questio
780 1305 813 1346 ex
828 1289 911 1366 parte
927 1283 1125 1349 Medi-toeneio
1142 1283 1267 1346 Abbatis
1281 1287 1462 1354 moueretur,

287 1399 317 1456 et
342 1391 439 1455 Abbns
462 1390 664 1457 Koteoicencis
686 1399 716 1455 et
741 1393 869 1455 ecclesia
898 1413 948 1455 sua
978 1393 1107 1456 ecclesie
1129 1391 1316 1456 Medliccnsi
1340 1391 1462 1470 triginta

286 1502 395 1566 talenta
406 1503 602 1585 persolueret,
624 1507 654 1566 et
666 1503 780 1567 reditus
798 1501 882 1566 unius
897 1502 999 1565 talenti
1012 1505 1042 1565 in
1055 1523 1146 1566 censu
1163 1522 1259 1565 annuo
1276 1523 1331 1585 pro
1349 1499 1461 1563 eisdem

287 1610 407 1675 talentis
422 1609 578 1692 obligaret,
590 1612 631 1674 ita
648 1619 755 1684 tamen,
772 1616 804 1674 ut
821 1611 930 1674 utilitas
949 1611 986 1674 de
1007 1612 1112 1694 predio
1132 1610 1264 1692 obligato
1280 1609 1461 1693 proueniens

289 1719 413 1801 singulis
434 1720 517 1781 annis
539 1719 569 1780 in
592 1737 733 1780 summam
749 1718 876 1801 predicti
900 1717 992 1782 debiti
1014 1723 1244 1802 computaretur,
1269 1718 1367 1780 donec
1386 1717 1461 1779 idem

289 1829 417 1894 debitum
436 1834 517 1891 esset
538 1828 669 1890 totaliter
686 1827 879 1910 persolutum.
905 1828 1045 1892 Preterea
1066 1828 1200 1892 arbitrati
1218 1848 1331 1899 sumus,
1355 1831 1389 1889 ut
1409 1827 1462 1888 boc

289 1939 383 2022 ipsum
408 1935 559 2000 arbitrium
575 1936 687 2019 scripto
712 1938 944 2001 commendatum
962 1938 998 2001 ad
1018 1939 1193 2021 peticionem
1211 1937 1336 2000 Abbatis
1353 1937 1463 2002 Medii-

290 2047 506 2130 sensissetque
523 2043 691 2110 Conuentus
708 2045 816 2128 sigillis
838 2047 946 2109 domini
963 2048 1143 2131 patauiensis
1162 2047 1295 2131 episcopi
1308 2054 1340 2109 et
1355 2045 1464 2108 domini

290 2154 374 2218 ducis
394 2154 626 2218 confirmaretur.
664 2155 725 2218 Sub
744 2155 881 2238 predicta
902 2157 1002 2241 itaque
1023 2157 1116 2221 forma
1138 2157 1362 2240 pronunciatum
1386 2154 1464 2218 arbi-

290 2265 378 2328 trium
406 2263 482 2326 omni
506 2244 618 2326 remoto
645 2263 886 2327 contradictionis
909 2263 1065 2328 obstaculo
1085 2285 1155 2348 pars
1181 2269 1306 2346 utraque
1338 2263 1463 2346 recepit,

292 2377 322 2436 et
340 2372 443 2436 eadem
463 2373 511 2437 die
523 2371 723 2436 Mcdlicenobs
744 2371 841 2436 Abbas
858 2375 893 2437 ad
910 2372 1053 2438 Abbatem
1064 2374 1287 2439 Kotwiocnsem
1305 2371 1464 2443 accedens,

291 2500 356 2544 cum
374 2501 498 2544 assensu
518 2481 652 2552 fratrum,
677 2480 727 2564 qui
750 2501 851 2546 secum
869 2481 1001 2555 aderant,
1020 2503 1055 2546 ex
1077 2493 1163 2566 parte
1187 2483 1284 2545 tocius
1300 2484 1464 2544 conuentus

291 2591 319 2652 in
338 2594 437 2652 nostra
459 2590 616 2672 presencia
633 2591 766 2674 predicto
787 2589 887 2654 debito
904 2593 1024 2673 triginta
1040 2591 1217 2655 talentorum
1234 2599 1265 2654 et
1281 2588 1464 2671 obligationi,

292 2719 349 2782 que
370 2719 425 2781 pro
447 2698 579 2762 'hiisdem
601 2697 679 2762 facta
704 2699 810 2770 fuerat,
835 2700 986 2763 uoluntate
1010 2703 1131 2784 propria
1159 2699 1354 2763 renunciauit.
1396 2701 1465 2764 bota

291 2818 358 2870 sunt
374 2807 432 2870 heo
446 2807 596 2879 cornuis,
613 2808 694 2870 Anno
712 2808 923 2872 incarnationis
947 2810 1057 2873 domini
1076 2809 1233 2873 Millesimo
1260 2808 1465 2872 ducentesimo

291 2915 427 2998 septimo.
450 2915 614 2979 indictione
627 2916 749 2980 decima.
772 2916 961 2980 Pontificatus
973 2919 1149 2982 innocentii
1158 2938 1236 3001 pape
1248 2937 1326 2980 anno
1339 2918 1465 2988 decimo,

291 3023 444 3106 Regnante
459 3024 542 3106 Rege
558 3025 715 3108 Philippo,
739 3025 913 3109 presidente
929 3028 1114 3114 Mancpoldo
1130 3027 1313 3110 poloniensis
1337 3025 1465 3089 ecclesie

291 3131 445 3214 episeopo,
462 3134 651 3216 presentibus
667 3135 749 3196 istis:
769 3135 887 3198 Teutone
898 3134 928 3198 in
939 3136 1139 3219 Hcimpurcb.
1155 3136 1295 3200 Aeacide
1312 3137 1344 3198 in
1356 3143 1465 3200 samma

289 3241 475 3304 Petroncllo.
492 3242 642 3327 Pilprimo
658 3243 687 3304 in
708 3243 975 3331 Albrclrtesperqc.
993 3246 1141 3309 Helorion
1163 3246 1191 3306 in
1212 3243 1320 3309 Witem
1346 3244 1465 3328 sifredo

290 3348 321 3412 ia
336 3349 494 3412 Methora.
520 3351 669 3414 Heinrico
690 3351 720 3413 in
744 3343 891 3416 Clndla'udc
913 3352 1056 3436 plebanis.
1083 3354 1464 3442 Getesrido.1a'n9ilderto.

291 3457 469 3533 Cbunrodo,
492 3457 587 3530 laicis,
612 3463 642 3520 et
664 3459 729 3520 aliis
745 3481 830 3544 quam
848 3460 991 3545 pluribus.

292 3603 330 3654 An
344 3601 432 3654 dieser
444 3601 567 3654 Urlrunde
580 3601 700 3656 belinden
714 3601 769 3655 sich
783 3603 905 3674 folgende
918 3603 978 3656 iutnl
988 3603 1090 3673 Siegei:

363 3694 398 3760 a)
420 3691 489 3760 zeigt
504 3690 546 3744 ein
559 3693 678 3747 schwacb
692 3694 900 3762 ausgedrriclrtes
913 3695 1112 3748 unlrenntliches
1124 3695 1271 3760 Rrustbild;

364 3783 396 3850 b)
417 3799 498 3852 ganne
512 3782 592 3850 ligur
606 3782 676 3836 eines
689 3785 784 3847 Abtes3
798 3783 839 3838 die
851 3779 994 3838 Umsobrilt
1006 3785 1041 3838 ist
1054 3785 1135 3838 leider
1147 3788 1219 3842 nicbt
1233 3790 1336 3854 lesbar;
1345 3820 1381 3829 —

363 3877 394 3942 c)
415 3875 525 3928 ehenso:
540 3875 697 3930 SlGlLLUlll
717 3876 859 3930 bBBATlS
880 3877 924 3930 DE
943 3877 1078 3932 SANCTA
1097 3876 1218 3943 cauom
1241 3910 1274 3918 —

364 3965 399 4033 d)
419 3966 577 4035 lidnzsiegel
591 3966 638 4020 des
651 3969 775 4036 Herzogs‚
795 3967 881 4036 gleicb
900 3969 957 4022 dem
976 3969 1001 4021 in
1015 3971 1124 4024 lilonum.
1138 3970 1204 4024 boio.
1217 3971 1259 4034 lv,
1277 3971 1344 4026 Tab.
1358 3973 1377 4035 1,
1395 3973 1465 4026 Nr.l

419 4055 615 4124 abgebildeten‚
638 4057 690 4109 und
714 4075 762 4111 von
793 4059 869 4111 Karl
895 4077 956 4112 von
980 4060 1061 4114 Sara
1086 4061 1137 4114 loc.
1161 4061 1206 4115 cit.
1234 4063 1302 4124 343,
1321 4063 1368 4118 Nr.
1388 4065 1424 4118 18
1445 4080 1467 4116 e.

419 4146 636 4210 bescbriebenen;

364 4241 394 4307 e)
415 4237 462 4292 das
476 4237 644 4292 biscbdlliebe
663 4239 709 4292 mit
728 4241 924 4295 ausldhrlicber
941 4242 1098 4297 Umsshritt:
1116 4243 1138 4312 †
1156 4243 1397 4302 manducantis.
1417 4247 1469 4302 nti

420 4329 556 4384 GRleb.
575 4330 794 4386 PATAVlENSlS
813 4333 972 4389 Ecclesia
991 4334 1183 4390 EPISOOPUS.

366 4455 397 4526 1)
416 4457 474 4510 Wie
489 4456 621 4527 Gdttweig
634 4474 689 4509 aum
707 4459 810 4511 Besitae
831 4477 879 4515 ven
894 4460 970 4513 bleirs
990 4461 1042 4514 und
1058 4463 1220 4516 Kotzendnri
1235 4465 1369 4537 golangte
1388 4469 1424 4523 ist
1437 4469 1468 4523 im

296 4544 443 4598 Saalbucbe
470 4545 619 4616 (Tradition
635 4548 688 4600 und
706 4549 774 4602 Note
793 4551 837 4603 Nr.
852 4551 930 4623 XLV)
952 4553 1032 4606 ndbar
1044 4556 1201 4624 angegeben.
