3122 5096
1220 400 1265 473 15

75 571 212 638 nichtitas
237 577 269 636 et
288 574 402 636 utilitas
417 575 607 641 commendat
630 579 693 638 tota
715 576 873 639 alacritate
888 576 1030 639 restituit.
1061 573 1154 640 Huius
1171 574 1267 640 tradi·
1356 638 1360 641 ,
1440 624 1444 630 .

74 682 163 746 tionis
192 703 249 765 per
277 701 381 746 aurem
401 679 531 747 adtracti
556 689 626 747 suut
655 689 761 747 testes
776 685 889 748 idonei
914 685 996 750 Filii
1015 683 1086 748 eice
1111 684 1269 750 Adultera

74 797 105 855 ct
123 791 280 855 Dietmar.
314 792 519 857 Gundachar.
544 793 657 892 Hecil.
671 793 880 858 Marchwart
904 793 1073 894 Repinper
1103 793 1167 856 Wol
1154 795 1267 878 lspero

73 899 190 964 Snello.
215 901 370 965 Dietmur
395 900 517 986 aliique
1106 947 1108 950 -

445 1129 449 1143 .‚
622 1086 719 1156 mv.

161 1223 311 1288 Nouen'nt
340 1224 474 1289 uniuersi
505 1229 610 1290 sancte
638 1225 772 1290 ecclesie
794 1223 847 1287 lilii
873 1223 1001 1308 qualiter
1022 1223 1101 1288 bone
1122 1225 1268 1290 memorie

6 1321 10 1334 ⁸
72 1334 247 1398 Heinricos
269 1355 371 1398 comes
395 1335 560 1398 secundum
583 1335 791 1415 euangelicum
814 1338 991 1416 preceptum
1013 1333 1123 1396 tollens
1145 1355 1268 1398 crucem

72 1459 154 1502 suam
179 1439 280 1522 gratia
304 1439 456 1504 inuisendi
482 1441 662 1506 dominicum
686 1441 878 1525 sepulchrum
900 1439 1039 1521 predium
1062 1461 1147 1503 suum
1168 1441 1269 1526 myrei
1346 1526 1347 1529 Ἴ
1395 1451 1397 1456 ’

71 1547 184 1612 dictum
221 1545 374 1630 delegauit
404 1549 434 1610 in
459 1553 584 1612 'manum
625 1548 832 1636 Mepirrhcrdi
864 1546 1020 1611 cuiusdam
1054 1549 1170 1613 nobilis
1204 1549 1270 1613 oiri

70 1656 121 1738 aci
139 1656 253 1720 militie
267 1658 371 1744 'apud
395 1659 529 1722 Thalnam
557 1655 597 1722 ea¹
615 1657 761 1744 uidelicet
789 1655 970 1724 conditione.
1004 1661 1037 1718 ut
1061 1657 1088 1718 si
1112 1658 1180 1740 ipsc
1208 1677 1267 1734 non

69 1767 289 1826 reuerteretur.
324 1764 464 1846 prefatus
496 1765 726 1852 Mcpinbcrdoo
758 1763 841 1826 idem
875 1762 1011 1846 predium
1047 1761 1140 1846 super
1173 1763 1268 1828 altare

71 1869 103 1934 S.
129 1870 227 1936 Maris
249 1869 418 1952 delegaret.
451 1871 543 1936 Huius
568 1875 738 1938 traditionis
766 1872 929 1935 introducti
957 1876 1026 1936 sunt
1055 1877 1160 1937 testes.
1196 1874 1267 1938 Otto

67 1981 176 2062 frater
208 1979 347 2044 daretem
380 1963 537 2052 Heinrici.
586 1983 681 2064 Quam
712 1984 752 2045 ita
766 2055 770 2061 .
783 1982 891 2044 tactem
922 2000 992 2042 esse
1020 1984 1138 2044 constat
1169 1999 1269 2045 coram

69 2087 227 2168 bicpoldo
255 2089 449 2177 marchione.
486 2087 548 2175 Sed
578 2097 609 2154 et
636 2091 723 2154 huius
750 2090 974 2152 traditionist
962 2093 1058 2152 testes
1077 2085 1186 2152 idonei
1213 2109 1268 2172 per
1344 2169 1345 2172 Ἴ

6 2205 8 2210 ·
70 2213 171 2257 aurem
196 2173 265 2258 sunl
288 2196 425 2260 adtracti
442 2199 536 2285 Epilo
539 2198 765 2306 lflHaderioh.
783 2201 881 2262 Hartl
868 2199 938 2262 licb.
956 2196 1123 2280 Starhfrit.
1102 2197 1268 2262 tTicmc

68 2303 240 2389 itepirrpcr.
276 2304 367 2368 Nico.
400 2306 568 2371 Adolbcro.
603 2284 767 2371 ddolrich
799 2309 919 2392 Poppo
948 2304 1138 2390 adalpreht.
1115 2301 1269 2369 thdi-

67 2429 135 2496 ρον.
172 2411 332 2476 Bcldecin
367 2413 522 2478 Gerarncb
557 2413 750 2502 Mcpinltcrt.
783 2414 965 2477 lnuestiture
995 2413 1125 2500 Epilolf.
1156 2413 1268 2476 Hadr-

70 2517 151 2582 rich.

25 2689 29 2695 .
160 2625 255 2690 Cuius
272 2633 388 2712 partem
405 2635 558 2712 cumpost
576 2632 646 2696 Otto
663 2629 820 2714 predicti
809 2628 902 2693 comit
903 2628 931 2691 is
942 2629 1014 2711 frat
1015 2649 1051 2690 er
1067 2633 1203 2710 negaret.
1230 2649 1265 2693 eo

70 2733 180 2818 quod
172 2755 241 2818 ipse
262 2735 313 2800 ubi
335 2737 391 2800 hec
414 2738 565 2820 delegatio
588 2739 732 2802 iactatest
747 2757 806 2801 non
822 2736 967 2800 affuisset.
992 2741 1099 2816 rogatu
1116 2737 1266 2798 seniorum

70 2847 244 2905 nostrorum
268 2847 393 2908 mutauit
414 2851 602 2910 sententiam.
626 2851 656 2908 et
674 2844 890 2928 Oborrindorf
907 2863 974 2906 cum
991 2843 1053 2906 suis
1070 2843 1267 2928 appendiciis.

67 2949 96 3011 in
114 2939 235 3014 manum
257 2951 411 3015 cuiusdam
434 2954 588 3017 nobilis
559 2951 617 3016 urri
640 2951 796 3036 delegans.
822 2953 895 3016 fecit
912 2957 944 3014 ut
959 2949 1030 3014 illuc
1047 2950 1084 3014 oh
1102 2939 1268 3014 remedium

69 3059 115 3120 sui
139 3080 325 3144 suorumque
349 3069 509 3145 parentum
534 3061 714 3124 traderetur
746 3083 803 3146 quo
829 3083 844 3124 a
870 3062 963 3124 fratre
991 3080 1045 3123 suo
1072 3061 1171 3122 iuerat
1199 3066 1268 3124 ante

69 3166 263 3230 destinatum.
281 3169 421 3233 adhibitis
439 3193 504 3234 mox
519 3171 648 3234 testibus
666 3171 741 3232 istis.
767 3171 896 3258 Epilolf.
917 3169 1006 3234 Toto.
1027 3167 1150 3254 Papini.
1167 3169 1267 3232 Eber-

68 3273 152 3340 bart.
171 3275 307 3340 Albwin.
325 3279 507 3343 Kurlomon.
525 3279 657 3343 Swilrer.
678 3275 795 3344 Chdno.
822 3277 909 3360 Quod
926 3282 956 3339 et
973 3277 1082 3339 iactum
1099 3279 1156 3343 est.
1174 3277 1266 3338 Huius

66 3382 270 3465 delegationis
287 3383 425 3448 adhibiti
442 3393 511 3450 sunt
526 3392 633 3450 testes.
651 3388 854 3475 ¹Wcrircpunt.
871 3385 1039 3468 Starhfrit.
1057 3384 1263 3448 Murcheourt.

65 3487 219 3580 Ridiyer.
247 3492 392 3578 Gotcsrit.
419 3495 565 3560 Gerlach.
591 3494 772 3560 lnuestiture
791 3495 977 3582 Weriyant

614 3677 722 3751 XLVI.
838 3701 842 3707 ·
873 3681 877 3690 ”

70 3796 73 3802 ¹
152 3817 480 3880 Nouerituniuersitas
505 3815 618 3890 Christi
643 3817 773 3880 bdelium
798 3815 925 3902 qualiter
946 3811 1065 3901 quidam
1089 3791 1262 3880 ddalricua

63 3927 153 4012 opud
166 3947 228 3990 nos
242 3927 348 3990 accolo
363 3919 562 3989 renuncians
572 3923 726 4008 delegauit
744 3923 849 4011 predia
866 3946 919 3990 sua
930 3908 994 4008 'que
1011 3921 1069 3986 sihi
1082 3921 1264 3986 hereditario

66 4035 133 4099 iure
145 4032 340 4098 debebantur
354 4034 383 4095 in
400 4053 518 4096 manum
533 4033 716 4121 ll'eripondi
730 4034 885 4097 cuiusdam
896 4032 1010 4097 nobilis
1020 4031 1095 4095 uiri.
1113 4030 1266 4093 eo'tenore

64 4150 214 4225 quatenus
231 4141 322 4204 idem.
338 4159 339 4162 ’
352 4143 393 4206 W.
417 4141 577 4222 delegaret
597 4141 671 4206 illuc
685 4161 744 4225 quo
761 4141 810 4206 uel
826 4144 892 4224 lpse
908 4139 964 4202 uel·
977 4142 1084 4222 frater
1099 4140 1168 4204 cius
1181 4139 1263 4202 Ber·

63 4253 168 4317 toldus
194 4253 329 4330 rogaret.
360 4249 445 4330 Quod
471 4251 511 4312 ita
537 4251 654 4312 factum
671 4271 741 4312 esse
766 4254 893 4313 constat.
933 4248 1008 4310 Nam
1040 4267 1108 4311 cum
1131 4247 1265 4328 prefatus

61 4357 182 4439 legator
200 4357 316 4420 diutius
334 4357 422 4420 solito
440 4357 570 4420 abesset.
588 4362 697 4442 rogatu
708 4358 838 4442 predicti
854 4334 1002 4422 ddolrioi
1012 4355 1126 4436 legauit
1138 4355 1265 4416 eandem

61 4467 262 4531 tradicionem
285 4466 318 4526 in
332 4483 450 4529 manum
466 4467 650 4532 Hcidircici
665 4465 820 4530 cuiusdam
841 4466 957 4530 rechitia
972 4464 1046 4528 uiri.
1073 4463 1136 4526 Sed
1152 4464 1265 4546 etipse

63 4575 190 4638 tradidit
218 4594 284 4637 cam
308 4575 387 4637 sicut
408 4579 532 4656 rogatus
548 4575 657 4639 iuerat.
682 4596 776 4659 super
800 4575 893 4638 altare
911 4571 1025 4636 Sancte
1042 4569 1150 4634 Marte.
1174 4566 1272 4634 uuus
