3076 5094
281 369 358 442 258

278 547 360 611 sonis
378 545 524 631 aliquibus
537 544 618 622 dare,
636 546 791 611 unimodis
808 547 874 612 eliis
887 548 1026 612 elicuere.
1041 548 1121 613 Sene
1133 549 1320 634 sepulturam
1333 549 1464 613 eiusdem

279 654 339 720 loci
352 655 467 718 omnino
480 653 606 717 liberam
617 669 686 718 esse
699 655 897 732 deceruimus,
910 662 942 721 ut
954 677 1056 722 eorum
1068 659 1118 742 qui
1133 657 1197 723 illic
1209 659 1335 742 sepeliri
1353 658 1466 722 deiihe·

279 766 422 834 cauerint,
444 763 596 828 deuotioni
614 772 644 828 et
657 769 789 828 extreme
801 765 956 838 uoluntati,
971 768 1029 830 nisi
1041 769 1118 830 forte
1137 768 1388 833 excommunicati
1401 769 1465 840 sint,

279 871 1465 959 nullusobsistet.hnicossiueclericossecularesadcouuersionemsuscipere‚

281 982 387 1048 nullius
410 981 544 1065 episcopi
568 981 616 1044 uel
638 982 784 1066 prepositi
809 983 1003 1048 contradictio
1028 961 1086 1050 uos
1104 985 1246 1050 inhibent.
1276 983 1419 1050 0heunte
1438 991 1466 1050 te

281 1111 361 1156 nune
371 1091 435 1154 eius
449 1089 508 1153 loci
520 1089 636 1162 abbate,
650 1088 699 1153 uel
710 1096 826 1154 tuorum
840 1090 973 1175 quoiihet
982 1113 1191 1157 successorum
1206 1093 1305 1159 nullus
1320 1093 1363 1156 ihi
1376 1095 1469 1178 queli-

281 1199 332 1264 het
354 1197 551 1281 surreptionis
573 1197 687 1262 estuciu
709 1219 763 1262 scu
787 1201 934 1264 uiolencin
950 1207 1142 1285 preponatur.
1166 1202 1224 1265 nisi
1243 1222 1335 1286 quern
1360 1203 1467 1266 iratres

282 1305 428 1375 communi
452 1325 602 1370 consensu
627 1305 677 1370 uei
699 1305 821 1370 fratrum
846 1329 916 1392 pars
939 1309 1057 1374 consilii
1078 1311 1204 1374 senioris
1228 1311 1399 1374 seeundum
1424 1311 1469 1374 dei

281 1419 416 1482 timorem
440 1420 471 1480 et·
491 1413 572 1478 hecti
588 1413 742 1478 Benedicti
767 1415 902 1498 regulum
919 1415 1078 1500 elegerint.
1096 1419 1130 1484 si
1146 1440 1204 1506 qna
1219 1421 1314 1502 igitur
1337 1419 1469 1484 ecclesi·

282 1527 376 1590 ostica
397 1523 581 1588 secularisue
604 1544 734 1608 persona
755 1524 833 1588 hanc
850 1530 952 1590 nostre
969 1527 1188 1592 constitutionis
1204 1529 1348 1612 peginam
1372 1529 1470 1591 sciens

283 1638 386 1700 contra
402 1653 467 1697 enm
481 1638 596 1697 temere
615 1633 720 1697 uenire
743 1633 951 1715 temptauerit,
975 1635 1108 1700 seeundo
1129 1638 1266 1700 tercioue
1291 1638 1470 1700 commoniti

283 1744 310 1807 si
332 1763 390 1806 non
413 1743 618 1806 satisfactione
642 1761 775 1824 congrue
797 1741 1017 1816 emendnuerit,
1039 1745 1196 1829 potestatis
1218 1743 1410 1831 honorisque
1429 1743 1471 1808 sui

284 1852 430 1934 dignitate
447 1855 558 1922 curent,-
570 1855 712 1934 reumque
728 1871 761 1914 se
778 1849 878 1914 diuino
895 1851 1005 1915 iudicio
1020 1853 1149 1918 existere
1165 1853 1203 1918 de
1220 1859 1401 1940 perpetrate
1417 1855 1471 1917 ini·

284 1961 395 2048 quitnte
412 1966 577 2043 cognoscet
593 1966 623 2024 et
639 1981 654 2023 a
671 1959 875 2024 saeratissimo
892 1981 1071 2046 corporeae
1088 1963 1232 2048 sunguine
1245 1963 1296 2026 dei
1314 1968 1347 2027 et
1364 1962 1470 2026 domiui

285 2072 482 2156 redemptoris
504 2071 599 2135 nostri
615 2070 682 2134 lesu
698 2068 811 2132 Christi
827 2072 921 2134 alienu
939 2069 1000 2144 fiat,
1023 2077 1112 2158 atque
1129 2073 1158 2136 in
1175 2078 1312 2136 extremo
1338 2073 1472 2137 examine

286 2181 423 2246 districte
439 2179 546 2244 ultioni
562 2179 726 2244 subiacent.
744 2177 865 2243 Cunctis
883 2182 979 2242 autern
993 2180 1089 2244 eidem
1105 2182 1173 2246 loco
1184 2182 1263 2246 iusta
1280 2182 1472 2246 sernentibus

286 2291 326 2354 sit
347 2267 405 2374 pnx¹
430 2289 541 2353 domini
563 2287 658 2352 nostri
680 2289 756 2352 Jesu
773 2287 905 2366 Christi,
934 2293 1078 2375 qnatenus
1101 2296 1132 2354 et
1146 2295 1217 2354 tunc
1240 2291 1379 2354 fructum
1400 2289 1473 2353 hone

288 2399 413 2464 aetionis
436 2397 604 2482 percipiant
628 2400 659 2460 et
681 2401 753 2481 aput
779 2396 946 2462 districtum
968 2398 1098 2463 iudicem
1119 2399 1231 2484 premia
1255 2404 1368 2464 eterne
1394 2399 1475 2485 panis

288 2507 450 2572 inueniunt.
475 2507 578 2570 Amen.
603 2507 704 2569 Amen.
729 2505 880 2590 Scriptum
899 2527 954 2592 per
971 2527 1087 2572 menum
1108 2508 1199 2573 Petri
1219 2507 1378 2572 scriniarii
1402 2507 1475 2571 sacri

289 2617 403 2702 palatii.

292 2759 374 2832 [Loco
384 2755 450 2827 signi
461 2755 615 2811 orbicularis
626 2773 684 2810 curn
715 2807 718 2813 ,
1117 2757 1200 2830 [Loco
1245 2757 1478 2830 monogrammatis

291 2865 371 2904 cruce
388 2851 416 2903 et
428 2847 683 2918 circumscriptione:
733 2847 848 2918 (Nomen
861 2847 947 2920 Pnpne
961 2849 1071 2918 deest¹)
1232 2847 1364 2904 litteralis

303 2941 449 3012 „Legimuc
462 2937 671 3010 Firmeuimus“·]
1174 2941 1263 3008 „Bene
1283 2941 1425 3012 Valetc“.]

381 3077 487 3142 Datum
500 3077 640 3142 laterani
648 3097 703 3160 per
714 3095 829 3139 manum
836 3075 992 3142 Iohannis
1004 3077 1115 3143 Sancte
1128 3098 1249 3142 romane
1263 3078 1404 3144 ecclesie
1417 3080 1478 3144 dia·

291 3185 359 3251 coni
382 3185 552 3251 cardinalis.
577 3185 622 3248 111.
646 3184 737 3249 NON.
757 3183 913 3271 Aprilisr).
941 3184 1106 3251 indictione
1131 3187 1190 3251 Vl¹.
1222 3189 1306 3251 Anno
1329 3188 1478 3252 dominice

223 3347 237 3372 ,
290 3295 501 3360 iucarnationis
525 3293 682 3357 M⁰XCIX⁰.
711 3293 904 3358 Pontificatus
927 3298 1025 3358 autern
1053 3293 1162 3358 domini
1193 3295 1315 3362 Urbani
1342 3297 1481 3364 Secundi

291 3425 369 3490 pepe
394 3423 469 3468 nuno
485 3403 545 3466 XP.

362 3527 402 3582 hn
415 3528 463 3582 der
475 3531 523 3598 gut
537 3527 688 3582 erhaltenen
700 3525 825 3582 Urkunde
837 3527 919 3596 hingt
931 3525 974 3582 die
987 3527 1114 3582 Bleihnlle
1127 3527 1174 3582 mit
1192 3527 1355 3600 gelbrothen
1368 3529 1478 3586 Seidcn·

289 3619 378 3678 nucu.

363 3729 396 3800 1)
416 3729 503 3784 Urhnn
522 3729 553 3782 11.
573 3728 661 3783 uurde
681 3729 794 3799 geuthlt
812 3729 883 3784 1988
902 3745 943 3782 eru
962 3729 1005 3783 12.
1018 3731 1102 3794 Mirm
1122 3729 1177 3784 sein
1196 3729 1284 3784 eiiites
1309 3730 1479 3787 Pontificen-

287 3821 349 3892 jnhr
366 3836 421 3876 wer
445 3819 571 3875 demnneh
589 3837 629 3873 nm
649 3819 691 3874 12.
704 3819 774 3874 idern
802 3819 873 3874 1999
890 3820 972 3873 sehon
991 3821 1176 3890 geschlcssen3
1201 3837 1230 3874 er
1248 3821 1323 3874 starh
1344 3822 1420 3878 1099
1441 3839 1478 3876 nnn

291 3914 337 3970 29·
350 3913 403 4076 *¹33¹
416 4001 464 4057 Dic
482 4003 611 4073 Dntirung
636 4003 708 4056 steht
725 4000 776 4058 tici
802 4019 843 4056 nm
870 4004 981 4056 unteren
1001 4002 1092 4058 Raude
1111 4003 1159 4058 der
1180 4003 1320 4068 Urhund03
1346 4005 1398 4060 der
1411 4006 1478 4074 Tap:

292 4096 345 4152 111.
365 4093 452 4150 NON.
471 4095 519 4148 auf
535 4095 667 4150 kenntlieh
686 4093 836 4150 redinter
855 4093 947 4148 Stellc.
