3074 5094
1162 365 1237 438 art

78 556 201 621 eiusdem
225 560 356 624 ecclesie
379 561 495 644 inopie,
527 561 565 630 ob
586 563 790 626 reverenciam
814 563 863 626 dei
886 567 916 626 et
937 583 990 626 sue
1007 562 1139 644 gloriose
1155 562 1240 643 geni·

76 669 159 740 tricis,
186 669 235 731 cui
257 669 385 752 predicti
407 672 464 732 uiri
486 672 610 735 militant
633 675 866 736 conuersacionc
888 671 1030 734 laudabili
1053 679 1083 734 et
1105 671 1240 742 honesta,
1280 719 1282 724 .

75 795 124 838 nec
139 795 197 838 non
213 777 250 841 ob
267 779 373 841 merita
389 781 525 859 graciosa
543 781 737 844 seruioiorum
755 801 811 865 que
824 781 908 844 nobis
922 780 1053 844 exhibuit
1065 777 1243 842 venerabilis

75 885 199 949 eiusdem
221 887 280 950 loci
305 890 484 954 Helowicos
506 888 614 964 abbas,
639 889 675 953 ad
700 890 873 954 instanciam
895 911 1012 976 quoque
1033 889 1191 972 peticionis
1214 891 1244 950 et

75 995 185 1060 consilii
208 995 339 1060 fidelium
362 1005 529 1062 nostrorum
557 977 696 1064 nobilium
724 1003 844 1064 bustric
873 1001 969 1064 eidem
997 999 1125 1064 ecclesie
1154 997 1244 1060 Chot-

77 1105 194 1168 uicensi
214 1108 346 1188 graciam
367 1107 444 1170 hanc
465 1109 605 1181 fecimus,
630 1109 708 1193 quod
732 1109 873 1174 relaxatis
891 1109 1037 1173 annuatim
1054 1108 1091 1172 de
1108 1107 1247 1190 predicta·

75 1234 181 1278 summa
207 1213 350 1279 Ducentis
380 1223 410 1280 et
432 1217 643 1301 quinquaginta
669 1219 795 1289 modiis,
828 1219 953 1301 singulis
987 1217 1070 1282 annis
1092 1216 1244 1280 Ducentos

75 1325 183 1387 modios
200 1326 230 1387 in
245 1329 307 1388 toto
326 1325 513 1390 decreuimus
531 1333 699 1410 acceptare,
724 1329 765 1390 ita
781 1331 889 1400 tamen,
916 1333 946 1391 ut
961 1327 1098 1412 predicta
1114 1325 1245 1390 ecclesia

73 1433 98 1495 in
113 1435 174 1496 suis
190 1433 304 1516 prediis
322 1435 505 1516 plenitudine
520 1435 595 1500 iuris
607 1456 663 1520 per
676 1441 884 1501 antecessores
896 1441 1014 1501 nostros
1027 1435 1084 1498 sibi
1099 1436 1245 1508 concessi,

76 1546 104 1604 et
133 1541 233 1605 debita
264 1543 470 1606 nichilominus
502 1545 631 1626 gaudeat
661 1544 808 1608 libertate.
843 1546 874 1608 ln
902 1545 989 1608 huius
1016 1543 1117 1627 itaque
1144 1543 1246 1624 gracie

73 1651 379 1732 recompensacionem
404 1651 532 1734 predicti
557 1655 666 1718 fratres
687 1654 787 1718 Abbas
813 1660 842 1718 et
859 1659 1022 1718 conuentus
1039 1653 1172 1717 eiusdem
1189 1653 1247 1716 loci

72 1757 106 1820 de
134 1759 282 1822 communi
310 1780 459 1823 consensu
487 1769 645 1826 cesserunt
672 1765 728 1826 iuri
756 1763 834 1846 quod
861 1764 891 1824 in
916 1762 1001 1826 bonis
1026 1763 1088 1826 suis
1111 1759 1246 1826 omnibus

71 1868 147 1930 circa
176 1868 365 1954 Himpcrclc,
397 1869 539 1934 videlicet
569 1873 758 1956 Pellcodorf
781 1877 811 1934 et
841 1873 1061 1956 Hoociocdorf
1076 1872 1103 1958 1)
1136 1870 1247 1934 habere

69 1977 283 2049 noscebantur,
301 1971 415 2040 'dantes
440 1978 526 2042 nobis
549 1975 639 2063 super
664 1981 743 2044 dicta
766 1983 903 2044 cessione
924 2001 976 2044 sua
992 1979 1166 2064 priuilegia,
1190 1998 1247 2040 non

70 2085 163 2150 solum
195 2107 249 2150 suo
277 2087 331 2150 sed
359 2090 453 2151 eciam
485 2090 667 2173 quorundam
699 2089 839 2152 nobilium
871 2095 1037 2154 nostrorum
1070 2087 1100 2149 in
1131 2088 1250 2150 dustria

71 2197 249 2277 consignata
278 2197 402 2278 sigillis,
433 2197 469 2261 ad
499 2197 641 2260 maiorem
674 2197 860 2262 euidenciam
887 2205 917 2262 et
945 2197 1099 2262 cautelam.
1128 2197 1250 2280 Nosque

69 2305 151 2387 ipsos
165 2305 204 2370 de
216 2305 295 2369 faeta
309 2305 367 2370 sibi
382 2327 437 2391 per
453 2326 507 2368 nos
524 2309 626 2388 gracia
643 2325 766 2370 securos
784 2312 943 2392 certosque
958 2303 1087 2370 reddere
1103 2305 1250 2377 volentes,

70 2436 105 2478 ne
136 2418 218 2480 forte
250 2435 306 2500 per
337 2435 532 2479 successores
565 2421 684 2481 nostros
716 2418 813 2501 possit
840 2419 870 2481 in
896 2422 1050 2502 posterum
1078 2417 1109 2480 in
1135 2416 1251 2478 irritum

71 2525 233 2599 reuocari,
263 2547 389 2610 presens
419 2527 645 2591 instrumentum
669 2529 876 2592 communitum
899 2526 1063 2610 sigillorum
1084 2529 1253 2590 nostrorum

72 2634 234 2699 lraractere
256 2637 330 2719 ipsis
353 2635 417 2700 dari
433 2637 558 2700 lecimus
575 2657 641 2700 cum
658 2639 853 2702 annotacione
868 2638 989 2700 testium
1006 2635 1253 2718 subscriptorum.

69 2743 126 2826 Qui
168 2748 237 2808 sunt
275 2744 327 2808 hii.
367 2745 511 2809 Dominus
553 2747 622 2811 Otto
653 2746 834 2810 venerabilis
866 2745 1050 2810 Patariensis
1082 2745 1253 2830 episcopus.

72 2854 217 2940 Ortolfna
240 2853 331 2918 abbas
356 2855 561 2919 Medlieensis.
592 2854 770 2944 Plcplippoo
792 2853 882 2920 abbas
906 2861 1055 2919 scotorum
1079 2855 1109 2916 in
1134 2852 1253 2916 Winna.

69 2963 143 3028 Otto
163 2963 257 3028 abbas
274 2964 508 3028 vormbacensis.
529 2965 651 3030 Vtrieos
668 2965 759 3028 abbas
777 2965 853 3028 celle
870 2968 973 3028 sancte
986 2963 1088 3026 lllarie.
1106 2963 1256 3029 Nicolooe

66 3075 247 3156 prepositus
261 3072 516 3155 Nevnburgensis.
530 3075 698 3139 Heioriccra
711 3074 880 3158 prepositus
895 3074 990 3137 sancti
1002 3073 1123 3156 Ypoliti.
1139 3073 1257 3160 Enped-

67 3183 220 3261 oclcolcuc
242 3185 412 3267 prepositus
436 3183 540 3246 Sancti
566 3183 680 3247 Georii.
710 3181 923 3246 Ministeriales
950 3181 1080 3246 dustria.
1117 3182 1189 3246 Otto
1217 3181 1255 3244 de
1321 3201 1324 3206 ·

63 3291 245 3357 Mea'acorcc.
278 3293 349 3356 Otto
371 3291 409 3354 de
427 3294 583 3358 Hoelowe.
609 3292 778 3358 Heinricoe
802 3292 839 3354 de
861 3291 1002 3382 Secclde.
1026 3290 1195 3354 Heinricoe
1217 3289 1254 3352 de

63 3401 296 3466 Liclctcastcr‘o.
324 3401 535 3466 Wero'bardoe
559 3402 699 3466 Prcvrel.
724 3400 895 3466 Heinricoc
915 3399 1038 3485 Dapifer
1059 3399 1090 3461 in
1114 3400 1256 3485 Leopeo-

57 3511 162 3596 pacb.
195 3511 319 3597 Ropoto
342 3509 381 3572 de
410 3509 645 3575 Valcbeobercb.
676 3509 845 3575 Heinricuo
867 3509 904 3571 de
928 3510 1039 3575 Witro.
1068 3507 1257 3572 Perbtoldoc

63 3619 102 3682 de
129 3619 441 3706 Enpedocbalaoclde.
476 3613 593 3684 Vlrc'ooa
614 3619 652 3682 de
681 3619 825 3692 l'c‘booco.
866 3618 983 3683 Wricos
1010 3618 1048 3680 de
1073 3615 1254 3703 Hobspocb.

62 3729 284 3794 Goodadoros
315 3727 353 3790 de
384 3727 565 3814 Hodepocb.
604 3729 819 3799 Hermonassa,
857 3725 1084 3801 Wcrobardoe,
1123 3725 1254 3797 Vtro'cos,

59 3837 180 3902 fratres
198 3837 236 3900 de
258 3837 489 3923 llblfpersdorf.
519 3837 651 3908 Vlricoa‚
675 3835 898 3923 Morquardus,
924 3834 1121 3910 Olcoorodos,
1145 3835 1255 3896 fratres

60 3946 101 4010 de
118 3945 310 4028 Pilbildorf.
331 3946 400 4009 Otto
418 3944 455 4008 de
470 3944 699 4029 Perbtolsdorf.
715 3944 900 4010 Clocorados
919 3947 949 4006 et
964 3943 1133 4008 Heioricos
1145 3942 1254 4005 fratres

57 4055 99 4120 de
126 4055 321 4120 Sumcrowe.
351 4053 458 4118 Siboto
472 4053 510 4116 de
523 4054 689 4140 Zeblriopc.
711 4053 865 4122 Aldertoo,
885 4053 1061 4125 badericus,
1087 4051 1194 4114 fratres
1217 4049 1255 4114 de

58 4164 230 4250 Zelkinpe.
252 4163 324 4227 Otto
342 4163 521 4225 camerarius
541 4161 579 4224 de
596 4157 913 4227 Wolcbooecbr'rclceo
926 4165 956 4223 et
972 4159 1022 4222 alii
1039 4179 1125 4244 quam
1140 4159 1253 4242 plures.

55 4277 175 4338 Actum
189 4275 260 4354 aput
279 4270 421 4334 lliooom
437 4289 512 4333 anno
529 4269 638 4332 domini
656 4269 696 4332 M.
717 4267 846 4332 CC.LX.
855 4270 924 4332 11110.
942 4269 1049 4332 Datum
1065 4267 1176 4331 ibidem
1200 4287 1256 4350 per

55 4401 175 4445 manus
199 4379 336 4460 magistri
358 4380 448 4443 Petri
478 4377 695 4462 prothonotarii
726 4378 831 4440 nostri.
855 4377 942 4440 lllll⁰.
967 4375 1115 4440 Kalendas
1131 4376 1254 4458 Aprilis.

135 4505 195 4557 Das
209 4503 379 4573 abgarissene
394 4501 483 4573 Siegel
497 4503 669 4558 ll.0ttolrar’s
683 4501 717 4555 ist
732 4501 757 4554 in
769 4501 967 4556 Brucbsttrclren
981 4501 1049 4556 noch
1063 4499 1218 4556 verbanden.

140 4592 176 4666 1)
196 4592 275 4648 Siebe
288 4593 418 4648 Saalbucb
428 4593 473 4648 Nr.
487 4592 570 4649 cdlx.
585 4592 679 4649 CCXG.
693 4589 769 4646 OOC.
