3094 5094
572 650 736 722 cccxvi.

145 789 268 853 Notieie
293 794 483 873 posterorum
507 790 730 852 committimus.
754 787 834 873 quod
858 789 1065 855 Gebebordoa
1087 811 1189 856 eomes
1211 790 1252 854 de

63 896 243 962 Hobineblre
266 899 405 982 predium
428 896 466 960 de
486 896 693 979 Honinsdors'
707 896 786 979 quod
807 897 874 980 ipse
898 900 929 960 et
948 901 1055 981 frater
1070 899 1138 962 etro
1153 898 1254 963 Adol-

63 1006 163 1070 omos
178 1010 249 1091 post
261 1007 457 1070 deeessorum
474 1025 577 1068 eorum
598 1011 668 1083 (sio)
688 1025 781 1088 super
798 1006 892 1068 altare
905 1004 938 1070 S.
951 1006 1045 1069 Marie
1057 1006 1254 1068 tradiderant.

63 1120 94 1176 ut
115 1113 211 1177 eidem
235 1114 418 1178 monasterio
442 1113 672 1178 eonfirmaretur
695 1116 725 1176 et
749 1111 955 1177 roboraretur.
980 1115 1088 1177 iterato
1110 1113 1165 1177 sub
1182 1133 1255 1197 pre-

64 1223 155 1284 sentia
172 1221 312 1286 aduocati
329 1223 360 1285 in
376 1221 595 1305 proprietatem
617 1221 793 1285 monasterii
816 1220 952 1285 tradidit.
976 1221 1049 1284 Post
1069 1220 1147 1284 bane
1163 1221 1259 1285 tradi-

63 1331 179 1394 tionem.
198 1331 266 1414 ipse
284 1349 385 1394 eomes
402 1329 541 1414 predium
559 1328 633 1394 illud
649 1329 686 1393 de
702 1350 790 1392 manu
802 1331 925 1395 abbatie
940 1326 1098 1395 Rddmoro'
1112 1335 1142 1393 et
1158 1329 1259 1394 adeo-

64 1438 126 1502 eati
148 1439 279 1521 recepit.
305 1459 340 1502 ea
358 1439 531 1504 conditione
547 1443 579 1502 ut
597 1441 664 1522 ipse
680 1457 736 1501 usu
753 1437 917 1502 fructuario
934 1459 992 1522 quo
1010 1438 1047 1501 ad
1065 1459 1160 1522 usque
1177 1437 1260 1501 uiuat

64 1545 187 1618 fruatur,
211 1551 242 1610 et
260 1530 446 1611 monasterio
472 1567 583 1611 eeusus
604 1547 666 1610 ΧΠ.
685 1546 879 1611 denariorum
901 1546 938 1610 ab
956 1565 992 1610 eo
1009 1547 1160 1610 annuatim
1183 1565 1258 1629 per-

64 1653 206 1719 soluatur.
224 1657 335 1720 Testes
353 1662 558 1719 accesserunt.
581 1655 754 1721 Heiorieua
770 1676 872 1720 eomes
893 1657 934 1720 de
947 1657 1047 1720 aeota.
1072 1655 1260 1720 Friderieoo

64 1765 246 1829 aduocatos.
268 1764 469 1829 Hodemoroo
490 1765 531 1828 de
547 1761 684 1849 ebaisorn
700 1769 731 1828 et
748 1765 837 1850 filios
853 1766 922 1830 eiua
940 1766 1022 1830 Otto.
1046 1767 1204 1850 bardolfus
1220 1764 1260 1828 de

61 1872 206 1955 floedize.
226 1874 408 1958 Gotefriduo
423 1874 465 1938 de
482 1873 654 1939 Trietnieb.
671 1874 879 1940 Morebword
892 1875 932 1938 de
949 1875 1052 1939 deiero.
1069 1875 1206 1940 Albront
1220 1874 1261 1938 de

64 1980 236 2045 mooblant.
257 1981 344 2045 Timo
361 1983 401 2046 de
416 1982 552 2047 baselio.
570 1983 762 2047 Hortooo’oea.
786 1983 937 2048 Mosbort.
959 1983 1063 2048 Etieb.
1088 1983 1260 2070 Manepolt.

65 2089 272 2154 manardus
287 2090 327 2154 de
343 2089 471 2177 obrupe.
495 2067 667 2156 dotato-ieet
684 2092 789 2173 surse.
812 2091 955 2178 Rodiper
976 2090 1064 2156 bose.
1088 2091 1259 2156 Ainroieuo.

65 2197 193 2263 berelae
208 2197 249 2262 de
264 2196 285 2260 I
295 2198 474 2286 zeniaperp.
493 2199 677 2283 Getesridoe
693 2199 734 2263 de
748 2219 883 2264 emerere.

577 2383 758 2455 cccxvii.

156 2519 196 2583 Et
213 2519 272 2584 boo
289 2521 451 2586 notandum
467 2521 548 2606 quod
570 2523 738 2608 Aspaoinoe
758 2519 980 2586 ministerialis
1001 2520 1147 2608 episcopi
1171 2522 1262 2587 dimi-

68 2627 145 2692 diam
161 2630 282 2692 uineam
300 2630 379 2712 apud
397 2630 639 2696 Cbuniboetetin
660 2631 690 2692 in
708 2630 801 2693 altare
818 2629 852 2694 S.
869 2629 963 2693 Mario
980 2629 1144 2712 delegauit.
1169 2632 1263 2697 Huius

68 2738 113 2800 rei
128 2740 225 2802 testes
242 2742 321 2801 sunt.
337 2739 540 2826 Perinpemo.
558 2740 743 2804 Herbordoo
759 2738 866 2802 etalii.

570 2941 765 3014 cccxviii.

159 3080 337 3144 Mandemus
354 3081 499 3145 memorie
516 3079 647 3145 fidelium
664 3081 745 3165 quod
760 3081 875 3146 Albero
892 3081 933 3145 de
947 3082 1156 3147 Bonnenbere
1170 3083 1267 3147 mini·

70 3189 215 3254 semotis
227 3189 320 3254 doeio
332 3209 387 3272 pro
400 3190 533 3254 remedio
546 3191 643 3254 anime
655 3190 770 3255 umoris
782 3211 838 3255 oue
852 3190 1072 3278 Cbunipuadio
1088 3189 1267 3255 beneficium

70 3298 148 3382 apud
169 3297 312 3384 Nudipen
334 3299 363 3360 in
388 3299 482 3362 altare
506 3299 539 3364 S.
557 3299 653 3362 Marie
676 3297 839 3379 delegauit.
866 3298 958 3362 Huius
974 3302 1020 3361 rei
1036 3301 1143 3362 testes.
1168 3299 1269 3364 Heia-

69 3407 165 3472 τίσω.
185 3405 418 3472 mentor-ooo
430 3410 553 3492 fratres
570 3408 709 3473 eioadm
723 3407 899 3472 Alberooio.
923 3407 1094 3472 Herodem
1110 3407 1151 3472 de
1166 3429 1267 3471 erner-

70 3516 176 3582 bereb.
203 3516 377 3581 Heinrieeo
398 3517 614 3582 ooneinoelde.
637 3515 810 3580 Heinriooe
832 3516 872 3579 de
896 3515 1159 3599 Diebnareodorf.
1188 3516 1270 3580 Ger·

71 3623 195 3690 bardus
218 3625 260 3689 de
279 3624 544 3690 Noemobirobers.
566 3625 725 3712 Epilolsus
740 3625 781 3688 de
803 3623 983 3711 ioeopereb.
1005 3623 1214 3688 Eberhardue
1230 3622 1271 3687 de

71 3733 180 3797 Zoino.
207 3732 451 3798 Morebroardoo
474 3735 514 3798 de
534 3755 640 3798 rooza.
672 3734 838 3820 denuoque
866 3732 906 3796 de
939 3732 1144 3796 ronnendero.
1174 3735 1205 3792 et
1232 3730 1271 3794 de

71 3839 183 3904 familia
215 3841 390 3932 wolstano
421 3843 462 3906 de
492 3842 621 3908 Naliub.
652 3841 805 3928 Riobper.
840 3839 1035 3904 Herbordue.
1067 3839 1269 3928 Sipibardoo.

72 3949 195 4016 moer.
213 3969 282 4014 eum
298 3950 365 4014 aliis
381 3950 526 4035 pluribus.

603 4116 767 4187 cccxix.

166 4254 216 4318 Ne
232 4255 306 4318 fiant
322 4256 441 4320 occulta
458 4276 474 4319 a
491 4255 564 4320 filiis
581 4256 743 4318 hominum.
761 4254 817 4317 sed
834 4257 992 4318 narrentur
1009 4255 1038 4316 in
1055 4253 1272 4335 generationes

74 4362 250 4428 seculorum
276 4365 498 4450 quodquidam
521 4367 609 4430 homo
634 4361 673 4425 de
694 4361 890 4426 nobilioribus
913 4363 1115 4428 Hodemorue
1130 4363 1170 4427 de
1185 4362 1275 4426 onzi-

75 4473 172 4560 berpe
205 4473 344 4556 predium
360 4473 509 4558 quoddam
526 4494 581 4558 pro
598 4470 734 4536 remedio
751 4470 850 4533 anime
865 4471 980 4535 amorio
995 4493 1052 4536 oue
1068 4470 1147 4556 quod
1161 4471 1274 4558 pride·

75 4602 186 4646 raosoe
208 4579 319 4645 dieitur
340 4582 484 4646 iratribus
506 4583 536 4646 in
559 4579 688 4646 kotwieo
713 4577 847 4642 tradidit.
873 4577 960 4661 Quod
981 4579 1117 4664 predium
1135 4576 1274 4644 luitoldus

108 4690 206 4734 roam.
224 4689 252 4732 x.
1040 4684 1058 4739 n
