3094 5094
1188 389 1262 462 105

157 575 231 640 Post
251 577 400 661 prelatum
416 575 673 641 Bartholomeum
690 593 766 638 anno
783 570 1015 657 quadragesimo
1032 569 1128 652 primo
1147 568 1264 631 electus

69 691 114 749 est
129 684 327 749 Reverendus
343 685 372 747 in
386 683 504 748 Christo
517 688 604 767 pater
616 684 777 756 Placidus,
796 681 846 765 qui
863 699 940 744 anno
958 679 1101 750 secundo,
1117 677 1263 743 vicesimo

69 796 193 877 septimo
211 793 260 857 die
276 793 392 878 absque
408 792 634 855 confirmatione
652 797 687 855 ex
703 792 760 856 hac
784 789 994 854 lachrimarum
1017 787 1095 851 ualle
1119 785 1263 850 decessit.

69 899 157 966 Cuius
174 902 272 965 anima
289 901 346 965 deo
363 902 454 965 uiuat.

156 1011 243 1073 Anno
260 1009 370 1073 domini
387 1007 623 1073 mmxxxxssl.
642 1007 775 1080 electus,
801 1026 878 1090 eque
895 1004 1087 1069 confirmatus
1104 1006 1151 1066 est
1166 1002 1265 1065 Reve-

66 1117 175 1182 rendus
199 1117 232 1180 in
250 1116 370 1181 Christo
394 1120 482 1199 pater
504 1137 540 1179 ac
563 1117 719 1190 dominus,
738 1116 874 1180 dominus
891 1115 1086 1202 leopoldus,
1112 1131 1148 1176 ex
1170 1109 1264 1176 nobili

67 1226 159 1310 stirpe
176 1227 373 1296 Bocchorum,
398 1225 428 1287 in
445 1223 592 1288 Abbatem
609 1221 848 1288 Gottuicensem.
873 1224 961 1288 Rexit
983 1222 1018 1284 ad
1036 1223 1170 1306 quintum
1184 1217 1262 1283 diem

67 1355 159 1420 usque
171 1333 286 1398 Mensis
296 1333 434 1417 Augusti,
451 1333 527 1395 Anni
539 1333 633 1396 nostri
646 1332 807 1397 salvatoris
817 1332 892 1397 LVl.
922 1331 1014 1396 Cuius
1032 1331 1127 1393 anima
1145 1329 1262 1393 domino

68 1442 123 1506 deo
140 1444 234 1508 uiuat.
1037 1517 1041 1524 ,

155 1549 401 1616 Bartholomcue
416 1572 437 1615 a
463 1550 622 1623 Cataneo'e,
647 1549 820 1634 prepositus
844 1546 1130 1630 Hertzohurgensis,
1148 1546 1263 1628 Regiae

66 1658 232 1740 ldajestatis
264 1658 471 1732 consiliarius,
504 1657 555 1742 qui
579 1679 595 1721 a
620 1658 758 1742 predicta
780 1656 872 1738 Regia
900 1654 1058 1737 Majestate
1088 1655 1263 1720 Monasterii

67 1765 272 1831 Gottuioensis
288 1767 393 1830 ltlense
410 1767 589 1831 Nouembris
603 1769 686 1830 Anno
703 1767 814 1829 domini
831 1763 989 1828 umori.
1007 1764 1038 1826 in
1053 1764 1263 1852 Superinten·

65 1876 188 1940 uocem
200 1877 382 1940 constitutus
399 1880 457 1948 est,
475 1880 506 1938 et
517 1875 652 1958 regendo
667 1872 736 1944 (sie)
754 1874 854 1937 domui
866 1874 897 1936 in
910 1874 1130 1955 sexagesimum
1142 1875 1263 1936 tertium

66 1980 196 2052 (correct.
210 1997 277 2053 pro:
291 1981 452 2054 seeundum)
469 2005 575 2048 annum
600 2003 697 2069 usque
721 1983 758 2047 ad
784 1981 897 2046 obitum
919 1983 998 2046 vitae
1026 2002 1098 2048 suae
1121 1981 1261 2068 praefuit.

66 2090 156 2156 Cuius
172 2093 271 2156 anima
290 2093 410 2157 domino
427 2093 492 2156 Deo
508 2093 599 2157 uiuat.
976 2169 980 2176 ι

151 2201 348 2267 Postmodum
361 2199 556 2265 Reverendus
569 2205 655 2284 pater
668 2221 703 2264 ae
716 2199 851 2265 dominus
862 2201 998 2265 dominus
1010 2198 1152 2265 Micloel
1161 2201 1265 2264 Horr-

65 2308 145 2382 liclo‚
171 2330 208 2373 ex
232 2310 322 2393 opido
345 2310 519 2375 Weinhaim
541 2309 721 2373 Palatinatus
746 2309 906 2374 oriundus:
930 2310 980 2394 qni
1004 2314 1036 2373 ut
1058 2307 1263 2373 conventualis

65 2417 237 2482 ldolicensis
254 2419 416 2502 parochiae
433 2420 466 2482 in
482 2417 671 2502 Rauelspach
686 2418 765 2482 bene
781 2422 950 2502 praeesset,
976 2417 1114 2482 mandato
1129 2417 1262 2500 lmpera-

63 2528 134 2591 toris
150 2525 336 2591 Ferdinandi
354 2528 496 2600 secundi,
519 2528 707 2611 omniumque
722 2527 843 2590 Petrum
859 2527 1011 2591 inferioris
1030 2526 1170 2591 lustriae
1186 2545 1262 2589 una·

64 2633 131 2696 nimi
153 2654 324 2708 consensu,
348 2637 378 2699 in
400 2636 548 2700 Abbatem
570 2635 687 2700 electus
712 2642 775 2708 est,
800 2655 876 2700 anno
900 2635 1004 2700 salutis
1023 2635 1195 2699 MDLXllll.
1213 2633 1262 2696 die

65 2743 121 2807 28.
139 2744 256 2807 mensis
280 2741 372 2824 lunii.
404 2745 460 2808 llic
483 2765 550 2808 cum
573 2743 736 2808 Cenobium
764 2745 929 2810 innumeris
957 2744 1066 2808 debitis
1094 2747 1261 2828 grauatum,

64 2851 146 2915 villas
171 2859 203 2916 et
229 2853 361 2916 decimas
384 2854 509 2937 optimas
533 2853 614 2916 cirea
637 2857 766 2916 montem
791 2855 880 2916 etiam
897 2854 1064 2936 proximas,
1090 2873 1149 2916 non
1165 2849 1261 2914 solum

65 2963 296 3044 oppignoratae,
320 2981 423 3025 verum
446 2962 609 3045 plerasque
633 2959 671 3024 ob
694 2979 805 3024 census
828 2960 1067 3026 Prouincialibus
1090 2959 1261 3024 diuenditas

65 3088 131 3133 esse
146 3069 308 3153 comperit,
324 3070 480 3152 implorato
496 3070 587 3134 Sacr:
605 3067 700 3133 Caes:
717 3070 887 3151 Majestatis
904 3071 1022 3144 auxilio,
1039 3090 1153 3155 suaque
1170 3087 1262 3132 accu-

64 3183 124 3240 rata
141 3179 403 3242 administratione
420 3179 570 3250 adhibita,
593 3179 671 3242 intra
693 3198 805 3262 pancos
822 3198 914 3242 annos
931 3199 989 3242 non
1006 3179 1102 3241 solum
1119 3197 1169 3240 aes
1186 3176 1262 3239 alie-

65 3307 130 3349 num
148 3287 296 3359 exsoluit,
321 3308 424 3351 verum
442 3288 529 3351 etiam
545 3287 643 3368 Pagos
661 3306 763 3350 omnes
780 3289 888 3350 iterum
907 3286 1045 3358 redemit,
1071 3291 1102 3349 et
1118 3285 1261 3358 decimas,

64 3393 179 3458 reditus
215 3399 307 3480 atque
334 3399 499 3480 prouentus
529 3414 636 3476 magna
664 3415 777 3458 summa
807 3417 823 3460 a
852 3395 1052 3460 creditoribus
1088 3395 1159 3458 hino
1192 3393 1262 3457 inde

65 3502 218 3568 liberauit.
249 3503 394 3569 Aedilicia
410 3506 532 3569 tandem
548 3505 578 3566 in
594 3503 793 3573 Monasterio,
818 3523 895 3587 quae
915 3505 979 3567 suis
994 3503 1134 3586 insigniis
1149 3501 1262 3586 passim

64 3617 229 3677 cernuntur
246 3615 407 3687 exstruxit,
431 3613 532 3677 ruinas
555 3632 673 3698 quoque
690 3611 791 3676 multis
808 3611 838 3673 in
854 3611 929 3676 locis
947 3611 1111 3675 restaurari
1135 3610 1260 3682 curauit,

65 3721 103 3784 ita
119 3727 153 3785 ut
169 3721 238 3785 fere
256 3721 330 3784 nihil
346 3722 461 3786 residui
472 3721 586 3786 laboris
599 3724 629 3783 et
642 3724 810 3804 sumptuum
823 3740 892 3785 esse
904 3725 1034 3806 putaret.
1057 3719 1138 3783 Ecce
1151 3723 1261 3791 autem,

65 3832 96 3892 ut
121 3831 246 3894 fortuna
274 3830 390 3894 infensa
420 3835 467 3893 est
494 3829 587 3893 rebus
614 3830 747 3912 pacatis,
778 3831 817 3892 ita
841 3829 927 3894 clade
953 3831 1039 3893 unius
1062 3829 1158 3892 noctis
1186 3827 1262 3891 haec

65 3939 174 4020 optima
202 3937 339 4002 instituta
363 3939 552 4010 oeconomia,
577 3939 687 4002 misere
709 3940 817 4002 iterum
840 3937 1013 4022 dissipatur.
1045 3937 1078 4000 ln
1099 3939 1166 4020 ipso
1184 3937 1262 3998 eninr

63 4046 139 4110 testo
152 4047 259 4110 Almae
272 4046 439 4123 Trinitatis,
456 4048 580 4112 circiter
597 4047 700 4110 horam
713 4047 861 4110 decimam
875 4046 981 4119 noctis,
999 4067 1074 4110 anno
1087 4042 1260 4109 MDLXXX.

63 4157 231 4238 tempestas
257 4154 413 4218 horribilis
440 4156 552 4220 tonitru
580 4159 611 4218 et
636 4155 755 4238 fulgure
783 4155 894 4218 inuasit
921 4155 1026 4218 turrim
1054 4153 1262 4224 excelsiorem,

64 4263 159 4326 media
172 4263 204 4326 in
217 4262 293 4327 Aula
306 4265 409 4337 sitam;
426 4265 495 4328 inde
508 4265 594 4327 tlama
608 4263 637 4328 vi
650 4263 766 4327 maximi
780 4263 870 4336 venti,
886 4264 916 4326 in
932 4263 1102 4347 primarium
1118 4263 1263 4346 templum

64 4370 156 4443 elata,
188 4371 326 4458 illudque
353 4393 419 4436 cum
447 4374 545 4445 turri,
577 4373 786 4446 tintinabulis,
812 4391 926 4455 organo
955 4372 1103 4454 eleganti,
1134 4371 1264 4455 aliisque

65 4481 246 4543 ornamentis
264 4479 397 4545 funditus
415 4485 646 4553 concrematum,
672 4478 771 4546 Choro
788 4480 894 4544 saltem
917 4487 948 4544 et
971 4480 1108 4545 sacristia
1125 4487 1262 4564 excepta.

65 4586 207 4654 Peruadit
231 4589 351 4653 tandem
376 4590 457 4672 ignis
480 4590 518 4653 ad
536 4591 652 4678 reliqua
676 4589 847 4662 conclauia,
871 4589 1083 4653 Dormitorium
1111 4589 1262 4663 videlieet,
