3074 5094
257 379 336 450 324

223 545 224 550 ¹
262 553 437 638 anrulrlce.
464 551 607 614 Dominus
630 551 802 615 Heinrious
823 551 909 612 miles
933 549 971 611 de
997 550 1164 636 Zelclcinpe.
1190 551 1337 612 Dominus
1367 550 1459 612 Gun-

260 660 400 725 datarus
420 660 507 721 miles
530 662 568 722 de
592 658 748 745 Applurn.
772 659 947 722 Heinrieus
968 659 1064 720 iunior
1087 657 1125 720 de
1147 658 1336 722 Sumeroree.
1372 658 1461 721 Wal-

256 765 376 832 obr‘lons
401 769 499 830 dietus
529 767 615 830 deno.
660 765 767 828 lunior
792 761 983 830 Wulobrlnuo
1010 766 1099 830 dena.
1139 765 1325 830 blidericus
1354 765 1459 827 dietus

161 941 166 948 ,
258 876 347 938 Guvl.
377 875 496 940 Vlrieas
520 875 559 938 de
583 875 854 960 Walpreelotetorf.
882 874 1024 957 Ortolfus
1047 873 1141 936 frater
1164 895 1246 936 suus.
1280 874 1393 936 Sibero
1420 871 1460 934 de

256 982 498 1069 Sebdnprunne.
524 985 669 1070 Ruperets
692 988 722 1045 et
738 983 912 1046 Helorinus
928 983 1038 1046 fratres
1062 981 1101 1043 de
1124 982 1234 1045 leiden.
1262 981 1461 1068 Cbuprudns

257 1094 288 1152 et
303 1091 478 1154 Heinrieue
495 1091 532 1153 de
547 1091 755 1163 Wibselbaeb,
769 1096 799 1152 et
816 1090 865 1152 alii
881 1089 1095 1174 quamplures.
1120 1090 1228 1152 Datum
1241 1091 1271 1152 in
1285 1090 1461 1176 Zelclcinpe‚

256 1202 340 1262 Anno
366 1199 479 1262 domini
505 1199 554 1262 m.
580 1197 637 1262 CC.
660 1199 747 1261 LXX.
773 1204 868 1262 sexto.
897 1199 960 1262 XV.
984 1197 1135 1260 Kalendas
1160 1198 1253 1261 Junii.
1284 1197 1462 1262 indictione

256 1306 399 1369 secunda.

334 1465 374 1518 An
404 1465 452 1519 der
472 1464 594 1518 Urkunde
620 1466 723 1535 bingen
742 1467 760 1518 4
778 1464 883 1534 Siegel:
905 1467 938 1531 a)
963 1463 1070 1535 (melfi,
1099 1465 1258 1536 praepositi
1284 1465 1317 1517 in
1342 1465 1462 1518 Herzo-

257 1555 409 1625 penbureb.
434 1555 467 1624 b)
482 1553 612 1610 bertoldi
631 1555 666 1608 de
688 1554 842 1620 Cbunrinp,
861 1554 964 1607 summi
986 1555 1122 1625 pincerne
1140 1555 1263 1608 Austrie.
1288 1557 1321 1622 e)
1344 1554 1464 1610 ottonis

259 1646 293 1698 de
312 1645 459 1700 Arnstain.
484 1645 520 1713 d)
542 1644 691 1698 Obunredi
710 1643 745 1698 de
763 1644 958 1697 Sarmerauwe.

332 1735 364 1806 1)
385 1735 478 1789 Dieser
496 1735 602 1788 Koarad
621 1751 676 1788 war
700 1735 725 1786 in
745 1733 959 1787 Dietmannsdorf
982 1735 1114 1802 anstssig,
1140 1735 1208 1786 nahe
1234 1735 1277 1787 bei
1302 1735 1464 1806 Hdrnpaob,

258 1827 327 1898 jetzt
345 1824 512 1887 beenbaeh,
532 1825 629 1878 unweit
649 1825 696 1878 des
717 1825 819 1878 Stiftas.
841 1855 869 1862 —-
894 1825 952 1892 Vgl.
973 1824 1117 1878 Urlmnden
1134 1818 1179 1878 Nrss
1199 1825 1255 1878 LIV
1274 1825 1327 1878 und
1345 1827 1463 1880 vam.

820 2047 901 2117 LVl.

258 2219 333 2278 1276.
353 2219 460 2290 (Vlietl).
481 2219 611 2290 Leopold,
637 2221 750 2273 vormals
770 2220 877 2273 zweiler
897 2220 1006 2274 Richter
1024 2221 1049 2274 in
1070 2222 1155 2284 wien,
1175 2226 1281 2291 entsagt
1300 2223 1348 2274 mit
1369 2224 1463 2277 seiner

257 2313 372 2366 Ebelrau
399 2313 467 2365 allen
486 2311 657 2382 Ansprtiohan
677 2311 726 2362 auf
748 2310 824 2363 einen
844 2311 1016 2379 weingarten
1036 2309 1061 2364 in
1088 2313 1263 2384 Velegraben‚
1287 2329 1381 2382 gegen
1403 2315 1464 2367 eine

340 2421 398 2456 vom
417 2403 674 2471 Klosternenburgar
696 2402 808 2472 Propste
832 2401 958 2456 Nikolaus
984 2403 1117 2456 erhaltena
1141 2405 1371 2472 untsehedigung.

783 2550 920 2608 [Original]

346 2696 492 2759 Memoria
514 2695 612 2758 labilis
638 2700 686 2758 est
704 2716 754 2756 res
777 2701 808 2757 et
830 2715 929 2758 rerum
951 2695 1040 2758 turbe
1065 2715 1122 2758 non
1142 2693 1265 2764 suffieit,
1290 2696 1348 2756 nisi
1375 2699 1463 2760 serie

258 2805 411 2867 literarum
429 2810 460 2867 et
476 2805 651 2866 idoneorum
667 2805 799 2866 virorum
816 2804 996 2866 testimoniis
1015 2803 1219 2866 confirmetur.
1246 2802 1311 2883 Qua
1328 2813 1464 2888 propter

258 2914 323 2994 Ego
350 2913 530 2998 Leupoldus
553 2913 701 2994 quondam
725 2911 822 2974 ludex
841 2912 992 2996 posterior
1008 2911 1218 2980 Wiennensis,
1244 2917 1275 2974 et
1299 2933 1377 2975 uxor
1393 2933 1461 2976 mea

256 3022 375 3104 Lpebo,
400 3039 516 3082 neenon
540 3038 643 3082 omnes
660 3020 790 3083 heredes
808 3021 902 3083 nostri
919 3019 955 3081 ad
981 3020 1121 3082 noticiam
1138 3019 1273 3102 oupimus
1290 3024 1462 3102 peruenire

255 3135 314 3190 tam
339 3129 523 3208 presentium
552 3147 639 3210 qoam
664 3129 839 3199 futurorum,
865 3127 942 3210 quod
970 3149 986 3189 a
1010 3126 1071 3198 lite,
1097 3147 1182 3210 qnam
1208 3148 1264 3210 pro
1288 3129 1377 3190 vinea
1402 3132 1462 3194 sita

253 3239 285 3302 in
308 3240 496 3325 Velepruben
521 3239 676 3302 habuimus
698 3239 831 3302 totaliter
855 3237 1050 3306 cessauimus,
1076 3234 1262 3314 abnegantes
1280 3237 1360 3298 omni
1387 3239 1459 3309 iuri,

256 3347 335 3430 qnod
353 3347 382 3408 in
401 3346 506 3408 eadem
524 3345 719 3426 sperabamus
737 3367 806 3408 esse
823 3344 989 3415 babituros,
1006 3363 1068 3426 pro
1090 3363 1143 3406 sex
1160 3343 1244 3407 libris
1258 3344 1458 3409 denariorum

256 3459 376 3518 monete
409 3452 622 3522 Wiennensis‚
663 3453 700 3514 de
735 3452 842 3535 quibus
876 3473 932 3534 per
964 3451 1154 3532 Prepesitum
1179 3450 1459 3533 Neunburgensem

253 3563 422 3628 Nicolaum
446 3561 475 3621 in
499 3559 650 3640 integrum
670 3581 772 3623 sumus
799 3559 947 3642 expediti,
980 3561 1029 3641 qui
1055 3559 1181 3622 eandem
1205 3561 1323 3624 vineam
1346 3567 1457 3625 nostra

253 3669 332 3734 bona
353 3668 552 3752 permissione
576 3669 694 3732 Jaoouo
719 3667 842 3732 Notario
866 3667 1003 3732 collatam
1029 3668 1198 3748 resignauit
1225 3671 1290 3732 iure
1313 3677 1458 3733 montano

255 3775 474 3860 perpetualiter
498 3775 669 3858 possidere.
707 3776 739 3837 ln
764 3777 849 3839 euius
872 3777 917 3837 rei
940 3776 1112 3838 memoriam
1136 3782 1309 3860 presentem
1332 3777 1457 3841 literam

256 3905 310 3946 nos
336 3883 469 3966 predicti
497 3881 639 3946 laudabili
658 3883 780 3964 Sigillo.
790 3883 898 3946 oinium
928 3883 1160 3952 Wiennensium
1188 3886 1307 3969 prefato
1330 3886 1457 3952 Jaeodo

253 3992 381 4056 fecimus
399 3989 573 4054 communiri
596 3991 724 4054 testibus
748 3990 926 4062 subnotatis,
951 4010 1078 4073 quorum
1094 3992 1212 4056 nomina
1230 4001 1309 4056 sunt.
1347 3995 1456 4058 Hein-

254 4100 340 4165 rieus
362 4099 400 4161 de
424 4099 627 4163 Goteinseeld
644 4097 741 4169 miles,
767 4087 895 4164 Huonlo
920 4098 958 4160 de
984 4101 1087 4164 Tulna
1106 4100 1205 4172 miles,
1230 4100 1398 4165 Diatrr'ous
1417 4102 1456 4165 de

253 4209 450 4293 obolnperpe
467 4207 563 4276 miles,
588 4206 736 4288 Magister
757 4207 945 4272 Obunredus
962 4207 1069 4270 Scriba
1097 4209 1236 4276 Austrie.
1267 4211 1456 4276 Puteanus

253 4323 321 4378 anto
348 4314 544 4396 cymiterium,
579 4314 687 4379 Cbuno
710 4311 859 4398 quondam
884 4315 1028 4395 magister
1052 4321 1181 4385 monete,
1216 4317 1401 4402 Leupoldus
1423 4319 1453 4380 in

253 4425 310 4486 alta
341 4428 445 4488 strata.
466 4423 634 4488 Dietrieus
661 4423 689 4482 in
719 4422 777 4485 alta
801 4427 905 4494 strata,
930 4422 1077 4486 Sivridus
1104 4425 1234 4496 Leudd,
1266 4426 1455 4492 Wilbolmae

253 4531 423 4603 Seberant,
449 4530 619 4614 Pilprimoa
642 4535 671 4592 et
690 4531 823 4594 Georiua
841 4531 996 4616 Cbiplerii
1018 4530 1051 4614 (ἱ)
1075 4529 1233 4614 Obriglii),
1265 4533 1455 4600 Wernlaerus
