3076 5094
466 613 610 668 Voloradus
625 651 636 667 „
656 651 663 665 .
682 615 765 668 trater
785 650 792 665 .
812 647 819 665 .
837 611 969 666 Petrissae

464 723 507 759 ux.
521 705 604 758 Fruue
785 705 878 758 viduae
891 703 989 756 Albrici
1003 702 1035 756 de
1079 776 1081 781 Ι

306 797 308 802 ’
412 795 535 850 Gottwici
548 796 652 866 sepulta
810 793 1006 848 Adelberndorl

789 886 835 940 Νι.
849 883 1023 940 cchxxxvl.

163 1029 305 1100 sigiboto?
379 1028 531 1084 Chunradus
587 1031 745 1086 adalbertus
853 1030 929 1084 MN.
997 985 1027 1020 N

118 1121 183 1174 iilius
194 1121 334 1176 Volchradi
515 1137 538 1176 c.
552 1122 633 1178 1160.
837 1137 942 1176 sorores

161 1212 207 1266 Nr.
222 1210 296 1266 CCII.
745 1211 869 1266 moniales
884 1210 1016 1283 Gottrrici.

611 1446 760 1512 CCXCIV.

161 1608 348 1678 Repinbortne
367 1608 401 1663 de
420 1608 544 1669 risorem,
565 1610 734 1662 termuthlich
753 1608 796 1662 eiu
814 1607 886 1662 Sohn
905 1609 952 1662 des
976 1611 1069 1664 teterr.
1090 1607 1275 1666 Ministerialen

95 1699 213 1755 Gerolt'e
231 1699 266 1754 de
283 1698 409 1762 olearon,
428 1701 478 1754 den
492 1699 539 1753 wir
552 1700 578 1752 in
590 1701 636 1754 Νι.
649 1699 715 1754 CXC
732 1701 834 1754 hennon
855 1700 959 1770 gelernt
978 1700 1069 1756 haben.
1089 1700 1278 1768 Reginbert

92 1809 143 1845 war
155 1791 253 1860 gewiss
266 1809 297 1844 uu
310 1791 443 1854 Elsnrn,
462 1791 496 1856 im
509 1794 688 1859 sogeunnuten
703 1791 911 1853 Strasserthale,
930 1791 1028 1846 unweit
1050 1791 1097 1846 der
1120 1791 1278 1856 verialienen
1326 1861 1328 1866 Α

92 1883 170 1936 Veste
182 1882 358 1952 Falkenberg,
377 1883 406 1936 V.
420 1882 450 1936 U.
463 1881 496 1934 M.
511 1881 548 1944 B..
571 1883 689 1950 anstssig
702 1881 754 1934 und
768 1883 910 1952 begiitert„
919 1883 1005 1936 iudem
1019 1898 1048 1936 er
1061 1881 1103 1936 die
1117 1881 1235 1936 daselhst
1247 1897 1279 1934 nu

92 1973 174 2028 libren
188 1974 237 2028 der
250 1975 275 2026 lr.
288 1975 455 2043 Margaretha
469 1975 577 2028 erbaute
591 1974 699 2045 Capelle
713 1972 759 2026 mit
773 1973 823 2026 deu
837 1975 904 2026 nahe
918 1973 1064 2044 gelegeuen
1082 1972 1205 2028 thderu
1224 1971 1279 2026 uod

92 2065 294 2120 Grundstrtcken
316 2065 350 2118 im
367 2066 447 2120 Jahre
466 2065 537 2118 1175
562 2065 620 2118 dem
643 2065 725 2119 Stiite
748 2065 999 2119 Seitenstttten
1018 2065 1157 2126 schenkte,
1177 2063 1278 2118 welche

92 2155 251 2226 Schenhung
269 2157 295 2210 in
309 2156 459 2210 demselben
471 2157 551 2210 Jahre
569 2173 619 2209 von
636 2155 694 2208 dem
707 2157 834 2209 Paasauer
851 2156 974 2210 Bischoie
997 2157 1061 2210 Die
1073 2175 1091 2227 p
1104 2173 1119 2210 o
1130 2155 1166 2210 ld
1190 2157 1279 2210 hestb-

91 2247 159 2316 tiget
169 2247 270 2301 werde.
299 2245 434 2316 Ungeithr
446 2245 481 2300 30
494 2247 573 2301 Jahre
586 2249 678 2318 spater
691 2246 814 2300 entstand
827 2247 852 2299 in
865 2247 967 2300 Betreti
978 2247 1026 2300 des
1045 2247 1185 2302 Patron
1197 2249 1280 2300 ates

90 2340 182 2392 dher
201 2339 313 2392 dione
327 2337 1280 2409 CapelleeinStreitzwischendemAbteDietmarvonSeiten-

90 2432 188 2484 stttten
202 2429 257 2482 und
268 2430 291 2481 K
302 2445 343 2482 on
352 2445 367 2481 r
376 2447 391 2482 a
401 2427 428 2489 d,
440 2427 544 2482 Piamer
556 2445 605 2481 ron
618 2417 715 2482 Mr'ulb
728 2429 803 2489 ach,
817 2429 931 2482 welcher
944 2429 991 2483 das
1003 2429 1214 2484 Prtsentations-
1229 2429 1281 2484 und

91 2519 270 2574 beheusrecht
281 2519 346 2573 tiber
360 2519 402 2572 dio
415 2521 523 2590 hesagte
536 2517 643 2591 Capella
656 2518 780 2572 desshalb
794 2519 836 2572 itu
850 2519 907 2573 sich
924 2519 948 2573 in
962 2519 1101 2590 Anspruch
1115 2520 1204 2581 nahm,
1223 2519 1284 2573 weil

17 2675 18 2680 ἵ
91 2611 209 2665 dieselbe
222 2610 358 2664 innerhelb
372 2611 419 2664 der
432 2611 552 2666 Grenuen
566 2611 653 2664 seiner
665 2611 756 2664 Pfarre
769 2611 820 2678 lag.
841 2609 914 2681 (ng
925 2612 972 2666 Νι,
987 2610 1046 2683 xl.)
1072 2611 1120 2666 Dic
1139 2610 1281 2664 erwthlten

90 2701 305 2756 Schiedsrichter
324 2701 376 2755 Aht
397 2701 549 2755 Kourad
571 2719 620 2756 von
644 2701 725 2762 Melk,
744 2703 841 2772 Propst
862 2701 1059 2756 Eberhard
1079 2713 1128 2760 ron
1147 2701 1283 2759 Ardacker

90 2795 142 2847 und
162 2792 248 2848 Ulri
259 2810 274 2846 c
284 2793 314 2856 h,
334 2793 453 2846 Dechant
465 2809 515 2845 von
528 2793 567 2846 St.
582 2793 699 2863 Agatha,
719 2793 766 2844 mit
779 2792 966 2862 Eiustimmung
987 2793 1034 2848 des
1048 2793 1131 2848 Abtes
1155 2792 1282 2848 Weuilo

89 2901 150 2937 ron
169 2883 359 2954 Gottwoig,
387 2883 426 2936 als
448 2884 591 2938 Patrons
610 2884 658 2937 der
675 2882 897 2938 Piarrlrirche
918 2901 952 2938 au
972 2883 1126 2938 Mtrlbach
1146 2885 1197 2938 und
1220 2884 1283 2938 Mit-

89 2975 303 3036 schiedsmanus‚
322 2975 451 3044 spracheu
464 2975 512 3028 dae
525 2975 680 3028 hestrittene
694 2976 779 3028 Recht
791 2978 868 3028 unter
882 2975 1010 3046 gowissen
1022 2975 1211 3046 Bediuguugen
1224 2976 1292 3030 dem.
1378 2983 1380 2988 “

89 3067 172 3120 Stitte
186 3066 207 3117 S
217 3081 232 3118 e
243 3067 250 3118 i
261 3069 273 3119 t
283 3083 298 3118 e
308 3083 324 3118 n
334 3083 347 3119 s
357 3069 393 3118 aa
404 3068 438 3118 tt
448 3081 462 3118 e
472 3083 488 3118 n
507 3083 546 3128 nu,
566 3066 687 3120 ntmliehr
709 3069 853 3132 „statuunt
872 3069 901 3120 ut
914 3065 1001 3122 Abbas
1014 3067 1047 3122 de
1061 3066 1235 3122 Sitaustetten
1255 3069 1282 3120 et

89 3158 129 3212 sui
142 3172 317 3211 successores
331 3157 436 3228 plenum
453 3157 494 3210 ius
513 3156 680 3228 presentandi
697 3157 724 3210 in
744 3157 814 3210 dicta
830 3155 935 3226 Capella
948 3157 1055 3213 Etsorra
1074 3158 1175 3212 ratione
1188 3159 1282 3212 Patro-

89 3253 166 3303 natus
179 3250 207 3302 in
222 3251 378 3319 perpetuum
391 3248 510 3302 habeant.
536 3249 670 3303 Almorae
682 3266 788 3320 quoque
802 3249 949 3308 Sacerdos,
970 3249 1057 3320 quoad
1070 3249 1172 3311 vixerit,
1192 3249 1282 3318 quiete

87 3343 179 3394 teneat
191 3339 294 3402 villam,
312 3345 440 3409 excepto,
459 3339 531 3410 quod
545 3339 698 3393 arbitratum
712 3343 766 3397 est.
786 3343 815 3392 ut
832 3339 936 3394 interim
956 3355 1005 3410 per
1023 3339 1142 3409 singulos
1160 3355 1239 3394 annos
1253 3339 1279 3390 in

87 3427 130 3483 die
145 3431 174 3482 S.
190 3428 329 3484 Michaelis
340 3429 471 3482 dimidium
490 3431 618 3484 talentum
637 3429 772 3500 (intellige
792 3429 919 3500 solidum)
933 3429 1085 3484 Viennensis
1105 3432 1208 3484 monete
1221 3429 1282 3482 Ple-

88 3523 155 3574 hano
170 3519 206 3573 de
220 3518 373 3582 Mulclbocir
386 3521 527 3591 persolvat.
548 3521 623 3586 Quod
638 3520 659 3574 si
672 3521 809 3592 negligere
823 3520 941 3582 voluerit,
960 3521 1048 3574 Abhas
1061 3520 1094 3573 de
1108 3520 1284 3574 Sitaustetten

88 3611 122 3664 de
135 3610 241 3680 prediis
255 3611 359 3680 prefate
373 3608 482 3681 Capelle
496 3610 576 3664 debet
592 3609 701 3666 eandem
719 3609 881 3684 pensionem.
906 3611 966 3682 lpse
985 3613 1071 3664 autem
1084 3610 1203 3663 Almarus
1215 3609 1285 3663 sicut

87 3705 168 3757 autea
181 3702 209 3754 in
224 3700 320 3754 debitis
333 3701 428 3754 Abbati
442 3701 475 3754 de
490 3701 664 3754 Sitaustetten
677 3702 811 3754 tenebitur
824 3701 960 3754 obnoxius.
981 3701 1105 3754 Preterea
1118 3704 1286 3766 censuerunt,

88 3799 120 3847 ut
133 3796 322 3864 postmortem
335 3791 456 3854 Almari,
476 3791 643 3862 annradus
655 3793 783 3848 Plebanus
797 3792 829 3846 de
843 3790 1003 3854 Mattiaci,
1023 3794 1050 3844 et
1062 3791 1103 3846 sui
1116 3807 1285 3846 successores

87 3885 259 3956 pretaxatam
271 3883 399 3952 capellam
412 3883 445 3935 de
458 3900 535 3936 manu
548 3883 656 3937 Abbatis
669 3883 703 3937 de
716 3883 893 3938 Sitaustetten
905 3882 1031 3954 recipiat,
1052 3881 1127 3938 etiam
1150 3899 1208 3936 cum
1222 3881 1285 3936 atti-

88 3975 200 4036 nentiis,
217 3991 269 4044 que
281 3978 490 4044 prememoratus
499 3973 632 4030 Almnrus
642 3974 766 4030 sacerdos
779 3979 900 4046 tempore
912 3974 1012 4028 arbitrii
1026 3974 1115 4045 quiete
1124 3974 1286 4044 possidebat,

87 4085 139 4122 nec
152 4068 231 4138 ipse,
251 4081 298 4119 nec
321 4065 413 4137 aliquis
431 4083 613 4120 successorum
627 4083 731 4120 suorum
745 4067 785 4120 ius
799 4066 906 4137 petendi
919 4067 1015 4120 haheat
1027 4065 1127 4137 aliquid
1141 4065 1174 4118 de
1188 4065 1285 4137 prediis

87 4160 149 4215 sitis
166 4159 196 4212 in
213 4155 388 4228 Tulpinperm
408 4174 459 4226 que
481 4175 531 4211 non
553 4157 648 4212 intuitu
667 4159 772 4228 Capelle
791 4157 913 4220 Elearrr,
932 4157 980 4212 sed
1001 4157 1124 4228 singulari
1147 4157 1287 4211 donatione

88 4248 195 4305 Domini
221 4247 369 4320 Rciaperti
387 4247 562 4304 Fundotoris
584 4248 717 4310 eiusdem.
743 4248 774 4302 ad
797 4249 1002 4302 Sitaustettcnse
1025 4247 1166 4302 Cenohium
1182 4247 1289 4302 fuerunt

88 4342 229 4396 devoluta.
254 4339 445 4392 Monumentum
457 4341 509 4393 boc
523 4357 648 4392 annexum
662 4342 703 4393 est
715 4341 741 4392 iu
759 4339 890 4409 premisso
908 4338 1031 4402 arbitrio,
1048 4343 1079 4394 ut
1097 4356 1159 4411 sepe
1182 4342 1288 4393 notatus

87 4433 227 4488 Plebanus
236 4429 269 4482 de
279 4427 433 4482 Mattiacis
445 4433 473 4483 et
486 4431 527 4484 sui
540 4447 709 4484 successores
723 4431 825 4484 solvant
835 4429 950 4484 annatim
960 4429 1055 4482 Abbati
1068 4429 1101 4484 de
1112 4429 1287 4483 Sitaustetten

89 4527 116 4578 in
129 4525 205 4578 testo
222 4521 250 4574 S.
265 4521 401 4574 Michaelis
414 4521 450 4574 12
462 4521 561 4575 solidos
575 4521 731 4576 Viennensis
744 4525 848 4574 monete
860 4521 968 4592 insuper
980 4521 1151 4574 reverentiam
1164 4524 1192 4573 et
1204 4522 1288 4574 hono·

87 4633 146 4670 rem
159 4613 292 4672 debitum,
310 4615 339 4665 et
350 4613 449 4680 largam
462 4617 490 4665 et
502 4613 638 4667 honestam
652 4611 838 4666 exhibitionem
849 4611 965 4684 hospitii,
985 4615 1064 4682 prout
1077 4612 1202 4682 competit
1215 4613 1287 4664 tante
1349 4669 1351 4676 ¹

87 4721 227 4780 persone,
248 4701 352 4757 studeat
372 4701 534 4774 impendere.
561 4703 637 4769 Quod
660 4703 681 4756 si
701 4703 781 4758 tertio
805 4703 916 4758 monitus
939 4701 1128 4756 contumaciter
1150 4702 1287 4772 negligens

1014 4794 1071 4846 14*
