3094 5094
147 379 340 476 'aa

285 577 460 644 Adolberti.
484 577 576 642 Huius
592 578 637 642 rei
654 597 726 642 aure
742 579 831 646 tracti
846 581 916 642 suut
931 577 974 642 hii
990 581 1095 644 testes.
1118 578 1288 644 Prediotua
1303 577 1403 642 Areo.
1423 576 1487 642 Wi-
1524 615 1525 618 =

283 687 410 773 quodue
432 686 472 750 de
495 687 662 768 nominoe.
690 687 857 774 Meyinqoa
880 688 921 751 rte
945 685 1101 751 eduliode.
1130 682 1217 752 aare
1237 686 1277 750 de
1301 683 1485 772 olimpooia.

288 771 419 860 (ittotai
437 798 468 858 et
480 795 567 879 filine
583 796 652 862 eius
669 795 785 878 Gedolf
802 796 841 858 de
862 794 1033 858 tobeloren.
1054 794 1251 860 Cdonrodoe.
1273 795 1385 860 Erant.
1408 795 1486 858 Per·

285 905 353 968 nott
368 905 406 968 de
422 911 576 969 mutereo.
593 904 728 968 Irutroa'a.
744 902 909 968 Heinrich.
925 901 1022 966 etalii
1038 901 1076 966 de
1091 903 1201 970 familia
1219 901 1363 968 ecclesie.

823 1104 944 1178 CCCV.

375 1245 525 1310 Nouerint
542 1265 645 1310 omnes
662 1243 775 1308 Christi
792 1243 910 1310 fideles.
932 1247 1013 1331 quod
1034 1247 1209 1333 Liupoldus
1225 1267 1328 1312 eomes
1343 1248 1386 1312 de
1403 1249 1484 1314 Blo-

282 1373 345 1442 9en
358 1354 512 1436 delegauit
524 1373 616 1436 super
628 1354 721 1416 altare
735 1352 870 1417 s.·Marie
887 1353 945 1418 duo
962 1354 1120 1418 beneficia.
1138 1359 1170 1419 et
1181 1355 1255 1419 duas
1267 1358 1374 1420 uineae
1395 1355 1483 1443 (eum

211 1516 221 1529 .
285 1460 385 1547 agris)
399 1462 435 1524 ad
447 1461 745 1550 meyiolaorteedorf.
759 1465 791 1525 et
802 1461 952 1526 homiuem
964 1463 1191 1547 meginhardum
1204 1466 1335 1529 nomine.
1349 1467 1380 1529 in
1395 1485 1483 1529 usum

283 1571 408 1635 fratrum
421 1571 470 1636 hio
484 1569 542 1634 deo
555 1569 767 1633 tamulantium.
784 1591 845 1656 pro
858 1571 965 1636 animo
975 1572 1089 1638 matris
1100 1593 1157 1637 sue
1168 1574 1259 1660 opud
1268 1595 1327 1638 nos
1342 1577 1481 1660 sepulte.

283 1681 376 1745 Huius
392 1681 563 1744 traditionis
579 1700 650 1743 aure
666 1679 757 1744 tracti
774 1685 844 1743 eunt
859 1681 901 1744 hii
914 1684 1021 1744 testes.
1045 1683 1146 1746 Erret
1166 1682 1207 1746 oe
1229 1687 1334 1746 trane.
1359 1683 1480 1747 Fride·

282 1789 370 1854 rioas
396 1789 437 1853 de
462 1790 613 1852 samueld.
642 1788 815 1853 Heinrieos
841 1789 882 1854 de
908 1789 1118 1872 riedersdorf.
1148 1789 1289 1871 Weisker
1314 1791 1356 1854 de
1384 1790 1477 1876 haye.

286 1899 423 1982 Wolsirer
438 1899 479 1961 de
494 1897 656 1964 roinodete.
673 1897 820 1962 Alamos
836 1899 877 1962 aa
892 1901 1021 1962 innare.
1039 1902 1070 1962 et
1082 1901 1190 1981 frater
1204 1900 1272 1962 etue
1283 1899 1481 1964 Hortesiana.

282 2007 475 2072 Peritotdae
501 2008 604 2091 lopus.
630 2006 1160 2093 Tiamolopalna.d1ore}awordna
1180 2028 1305 2072 suntor.
1335 2007 1483 2090 Ortolfue

283 2116 324 2180 de
338 2117 434 2180 werd.
457 2114 687 2201 Meqiadordas
711 2116 916 2180 camerarios.
942 2116 1115 2203 Wiqoodoe
1130 2115 1171 2180 de
1185 2115 1355 2196 reowinye.
1378 2115 1482 2180 Hein-

282 2224 370 2290 rieus
385 2224 425 2290 de
440 2218 630 2306 odnendorf.

812 2353 950 2426 occul.

374 2491 413 2556 Et
426 2492 486 2557 hoo
503 2493 645 2556 memorie
658 2489 789 2556 fidelium
803 2493 1068 2562 commendandum
1081 2491 1160 2576 quod
1176 2491 1300 2579 Sophia
1317 2493 1482 2560 cometen

283 2602 324 2666 de
334 2602 600 2668 derraatiesteirse
610 2605 641 2664 et
648 2601 736 2686 filiae
748 2600 816 2664 eiua
832 2599 1029 2666 Herraodae.
1048 2601 1265 2682 delegaueruut
1276 2619 1370 2683 super
1385 2599 1482 2664 altare

284 2709 318 2772 S.
342 2711 439 2774 Maria
467 2715 584 2774 curtem
614 2729 699 2773 unam
727 2709 765 2772 ad
789 2709 973 2794 perindorf.
999 2709 1055 2774 sub
1083 2709 1129 2772 his
1156 2708 1294 2774 testibus.
1322 2711 1479 2774 Her-rom.

285 2794 406 2884 dorico.
436 2820 548 2902 Ortolf.
575 2819 755 2884 Chunrodo.
781 2815 919 2902 Wolflrer
942 2821 973 2880 et
992 2820 1100 2902 frater
1121 2819 1190 2885 eitra
1210 2817 1313 2884 Hoetu.
1337 2819 1481 2904 Nepotes

281 2927 333 2991 eui
346 2927 526 2992 Heinrieae.
543 2927 647 2991 Hoetu.
665 2927 846 2990 Heinrieoe.
863 2926 1055 2991 Hortmirae.
1076 2928 1156 2992 Otto.
1176 2927 1359 2992 Heinrioue.
1377 2926 1480 2990 Perlo-

280 3038 393 3102 totdus.
416 3037 511 3102 Areo.
534 3037 680 3101 Liotwira.
707 3036 745 3100 Et
766 3057 804 3099 ne
821 3035 888 3120 quis
904 3035 981 3097 hano
996 3033 1188 3097 traditionem
1204 3035 1375 3116 infringere
1401 3083 1408 3096 .
1434 3084 1442 3099 .
1470 3082 1477 3096 .

279 3145 384 3230 possit.
409 3145 546 3226 predium
563 3165 648 3208 suum
665 3145 703 3208 ad
718 3143 944 3228 aneloniedors.
966 3142 1156 3206 addiderunt,
1175 3161 1210 3206 eo
1226 3147 1336 3206 tenore
1353 3147 1388 3205 ut
1405 3143 1431 3204 si
1448 3143 1478 3205 in
1516 3146 1519 3156 '

279 3260 364 3318 eurte
381 3241 527 3338 euispiam
549 3259 722 3337 pateremur
738 3253 918 3317 violentiam.
935 3254 1001 3336 ipso
1017 3253 1123 3337 predio
1140 3253 1264 3316 detento
1289 3252 1478 3316 obtineamus

276 3363 436 3426 iusticiam.
459 3362 497 3425 Et
511 3362 601 3426 huius
617 3362 796 3426 tradicionis
813 3382 868 3425 seu
881 3360 1115 3426 confirmationis
1127 3364 1222 3424 testes
1235 3364 1306 3423 sunt
1318 3359 1373 3423 hii.
1394 3362 1475 3426 Otto.

277 3472 380 3536 nerea.
406 3471 817 3558 animoteonesta
844 3471 957 3555 onore
984 3447 1105 3535 dumo.
1132 3468 1294 3534 ooonrao.
1313 3465 1474 3535 naraon

277 3580 443 3646 Heinrich.
460 3581 623 3646 Perietold.

803 3708 953 3782 CCCVH.

366 3850 538 3918 Heiarieoe
554 3854 585 3913 et
599 3850 663 3935 ficio·
676 3849 744 3914 eine
760 3849 942 3914 Heinrieue.
962 3848 1042 3912 Otto.
1065 3847 1286 3934 Regiadertoe.
1308 3846 1474 3912 Werirzder

276 3958 495 4040 delegauerunt
517 3977 610 4041 super
633 3958 725 4023 altare
748 3957 781 4022 S.
808 3956 902 4020 Maria
924 3956 1076 4020 kotewioh
1098 3955 1248 4038 quoddam
1276 3955 1471 4038 mancipium.

274 4067 311 4132 N.
330 4067 572 4131 Werenhardum
588 4066 626 4130 ad
643 4085 776 4129 censum.
794 4065 828 4128 V.
848 4064 1037 4127 denariorum
1054 4063 1204 4126 annuatim
1220 4062 1416 4127 soluendum.

790 4249 956 4322 ccuvlu.

365 4391 510 4454 Memorio
522 4389 655 4454 fidelium
664 4388 939 4454 commendandum.
952 4387 1165 4472 quodquedam
1177 4387 1338 4475 lrnryord.
1353 4391 1467 4457 aeliota

273 4501 438 4566 Horrenda*
458 4501 499 4564 de
525 4498 716 4565 meminero.
739 4517 805 4562 oum
832 4515 919 4560 uranu
940 4497 1106 4562 Peraean·
1123 4498 1241 4581 fratria
1263 4497 1410 4564 einedem
1430 4499 1467 4564 Η.

274 4609 429 4692 delegauit
445 4609 562 4671 uineam
579 4627 667 4670 unam
683 4608 717 4671 in
734 4608 842 4671 eodem
857 4607 926 4670 loeo
942 4605 980 4672 ad
997 4605 1091 4670 altare
1107 4607 1140 4670 S.
1159 4605 1264 4670 Maria.
1289 4626 1346 4689 pro
1373 4608 1466 4672 anim
